TranID,Time,Price,Volume,SaleOrderVolume,BuyOrderVolume,Type,SaleOrderID,SaleOrderPrice,BuyOrderID,BuyOrderPrice
172291,09:25:00,7.84,1900,2500,1900,S,162351,7.84,86382,7.84
172292,09:25:00,7.84,600,2500,600,S,162351,7.84,139236,7.84
219201,09:30:00,7.85,100,500,100,S,219200,7.85,180733,7.85
257453,09:30:02,7.85,400,500,400,B,219200,7.85,257452,7.85
263805,09:30:02,7.85,300,300,2600,B,229936,7.85,263804,7.85
263806,09:30:02,7.85,1000,1000,2600,B,255489,7.85,263804,7.85
277477,09:30:04,7.86,900,900,2000,B,156912,7.86,277476,7.86
277478,09:30:04,7.86,1100,2700,2000,B,259365,7.86,277476,7.86
281241,09:30:05,7.86,500,2700,500,B,259365,7.86,281240,7.86
282476,09:30:05,7.86,100,2700,100,B,259365,7.86,282475,7.86
282582,09:30:05,7.86,200,2700,200,B,259365,7.86,282581,7.86
282606,09:30:05,7.86,500,2700,500,B,259365,7.86,282605,7.86
285192,09:30:07,7.85,1300,2500,2600,S,285191,7.85,263804,7.85
291100,09:30:11,7.85,1200,2500,1500,B,285191,7.85,291099,7.86
291101,09:30:11,7.86,300,2700,1500,B,259365,7.86,291099,7.86
305959,09:30:24,7.87,600,1100,600,B,14424,7.87,305958,7.87
307846,09:30:26,7.86,1500,1500,9500,S,307845,7.86,292262,7.86
309712,09:30:27,7.87,500,1100,600,B,14424,7.87,309711,7.87
309713,09:30:27,7.87,100,1500,600,B,91245,7.87,309711,7.87
311073,09:30:28,7.86,7400,14000,9500,S,311072,7.86,292262,7.86
313906,09:30:30,7.86,600,14000,600,B,311072,7.86,313905,7.86
316835,09:30:32,7.86,500,14000,500,B,311072,7.86,316834,7.86
317856,09:30:33,7.86,500,14000,500,B,311072,7.86,317855,7.86
323293,09:30:37,7.86,5000,14000,7600,B,311072,7.86,323292,7.87
323294,09:30:37,7.87,1400,1500,7600,B,91245,7.87,323292,7.87
323295,09:30:37,7.87,700,700,7600,B,226354,7.87,323292,7.87
323296,09:30:37,7.87,500,700,7600,B,237661,7.87,323292,7.87
296293,09:30:16,7.86,600,600,9500,S,296292,7.86,292262,7.86
353011,09:30:59,7.87,300,1800,300,B,310229,7.87,353010,7.87
354688,09:31:00,7.87,300,1800,300,B,310229,7.87,354687,7.87
355223,09:31:01,7.87,100,1800,100,B,310229,7.87,355222,7.87
357887,09:31:03,7.87,900,1800,1500,B,310229,7.87,357886,7.87
357888,09:31:03,7.87,600,900,1500,B,321620,7.87,357886,7.87
358476,09:31:03,7.87,300,900,400,B,321620,7.87,358475,7.87
358477,09:31:03,7.87,100,10000,400,B,354681,7.87,358475,7.87
366133,09:31:09,7.87,3500,10000,3500,B,354681,7.87,366132,7.87
371900,09:31:12,7.87,300,10000,300,B,354681,7.87,371899,7.87
372924,09:31:13,7.87,3200,10000,3200,B,354681,7.87,372923,7.87
377723,09:31:17,7.87,300,10000,300,B,354681,7.87,377722,7.87
380365,09:31:18,7.87,500,10000,500,B,354681,7.87,380364,7.87
383963,09:31:21,7.87,500,10000,500,B,354681,7.87,383962,7.87
387169,09:31:23,7.86,500,5300,500,S,387168,7.86,339481,7.86
387170,09:31:23,7.86,300,5300,300,S,387168,7.86,342093,7.86
350259,09:30:57,7.87,200,700,400,B,237661,7.87,350258,7.87
350260,09:30:57,7.87,200,1800,400,B,310229,7.87,350258,7.87
399583,09:31:32,7.86,100,5300,100,B,387168,7.86,399582,7.86
402857,09:31:34,7.85,900,900,1000,S,402856,7.85,401686,7.85
421343,09:31:47,7.86,4400,5300,4400,B,387168,7.86,421342,7.86
437226,09:31:57,7.87,600,10000,600,B,354681,7.87,437225,7.87
437831,09:31:58,7.87,1000,10000,1200,B,354681,7.87,437830,7.87
437832,09:31:58,7.87,200,700,1200,B,377718,7.87,437830,7.87
462730,09:32:15,7.86,100,1400,100,B,444869,7.86,462729,7.86
466893,09:32:17,7.85,2000,2000,2500,S,466892,7.85,445454,7.85
471253,09:32:20,7.85,500,8500,2500,S,471252,7.84,445454,7.85
471254,09:32:20,7.85,500,8500,500,S,471252,7.84,448323,7.85
471255,09:32:20,7.84,200,8500,1000,S,471252,7.84,243532,7.84
471256,09:32:20,7.84,2400,8500,2400,S,471252,7.84,261701,7.84
471257,09:32:20,7.84,200,8500,200,S,471252,7.84,275302,7.84
471258,09:32:20,7.84,500,8500,500,S,471252,7.84,365941,7.84
471259,09:32:20,7.84,500,8500,500,S,471252,7.84,392975,7.84
471260,09:32:20,7.84,400,8500,400,S,471252,7.84,398495,7.84
471261,09:32:20,7.84,400,8500,400,S,471252,7.84,401326,7.84
471262,09:32:20,7.84,1300,8500,1300,S,471252,7.84,454638,7.84
492894,09:32:35,7.84,400,8500,400,B,471252,7.84,492893,7.84
441331,09:32:00,7.87,500,700,500,B,377718,7.87,441330,7.87
442309,09:32:01,7.85,100,3800,1000,S,442308,7.84,401686,7.85
442310,09:32:01,7.85,100,3800,100,S,442308,7.84,412918,7.85
442311,09:32:01,7.85,100,3800,100,S,442308,7.84,416830,7.85
442312,09:32:01,7.85,300,3800,300,S,442308,7.84,428053,7.85
442313,09:32:01,7.85,800,3800,800,S,442308,7.84,429282,7.85
442314,09:32:01,7.84,200,3800,200,S,442308,7.84,198753,7.84
442315,09:32:01,7.84,400,3800,400,S,442308,7.84,203362,7.84
442316,09:32:01,7.84,1000,3800,1000,S,442308,7.84,205129,7.84
442317,09:32:01,7.84,800,3800,1000,S,442308,7.84,243532,7.84
525532,09:32:58,7.84,100,8500,100,B,471252,7.84,525531,7.84
532407,09:33:03,7.84,300,8500,300,B,471252,7.84,532406,7.84
533426,09:33:04,7.83,300,3300,300,S,533425,7.83,43115,7.83
533427,09:33:04,7.83,2100,3300,2100,S,533425,7.83,86095,7.83
533428,09:33:04,7.83,700,3300,700,S,533425,7.83,136570,7.83
533429,09:33:04,7.83,200,3300,200,S,533425,7.83,472549,7.83
534631,09:33:05,7.84,300,8500,4100,B,471252,7.84,534630,7.84
534632,09:33:05,7.84,3800,5500,4100,B,496407,7.84,534630,7.84
536239,09:33:06,7.84,200,5500,200,B,496407,7.84,536238,7.84
494064,09:32:36,7.84,500,8500,500,B,471252,7.84,494063,7.84
592953,09:33:45,7.84,100,5500,100,B,496407,7.84,592952,7.84
604269,09:33:53,7.84,1000,5500,1000,B,496407,7.84,604268,7.84
554186,09:33:19,7.84,100,5500,100,B,496407,7.84,554185,7.84
556237,09:33:20,7.83,100,900,100,S,556236,7.83,489337,7.83
556238,09:33:20,7.83,300,900,300,S,556236,7.83,490084,7.83
556239,09:33:20,7.83,100,900,100,S,556236,7.83,501260,7.83
556240,09:33:20,7.83,400,900,400,S,556236,7.83,515541,7.83
559291,09:33:22,7.83,100,5000,100,S,559290,7.83,516753,7.83
559292,09:33:22,7.83,200,5000,200,S,559290,7.83,524175,7.83
559293,09:33:22,7.83,300,5000,300,S,559290,7.83,528409,7.83
559294,09:33:22,7.83,1100,5000,1100,S,559290,7.83,547342,7.83
559295,09:33:22,7.83,300,5000,300,S,559290,7.83,557990,7.83
559326,09:33:22,7.83,3000,5000,5800,B,559290,7.83,559325,7.83
617452,09:34:02,7.84,400,1500,7000,B,539264,7.84,617451,7.84
617453,09:34:02,7.84,4900,4900,7000,B,564513,7.84,617451,7.84
627833,09:34:09,7.85,100,700,100,B,591501,7.85,627832,7.85
634622,09:34:14,7.85,600,700,600,B,591501,7.85,634621,7.85
646694,09:34:23,7.86,100,1400,100,B,444869,7.86,646693,7.86
652032,09:34:27,7.86,600,1400,600,B,444869,7.86,652031,7.86
654198,09:34:29,7.86,500,1400,500,B,444869,7.86,654197,7.86
655988,09:34:30,7.86,100,1400,600,B,444869,7.86,655987,7.86
655989,09:34:30,7.86,500,2000,600,B,488395,7.86,655987,7.86
656905,09:34:31,7.86,1500,2000,4100,B,488395,7.86,656904,7.86
659978,09:34:33,7.87,100,100,300,B,383071,7.87,659977,7.87
659979,09:34:33,7.87,200,600,300,B,395848,7.87,659977,7.87
610626,09:33:58,7.84,300,5500,500,B,496407,7.84,610625,7.84
610627,09:33:58,7.84,200,900,500,B,500585,7.84,610625,7.84
615988,09:34:01,7.84,700,900,1800,B,500585,7.84,615987,7.84
615989,09:34:01,7.84,1100,1500,1800,B,539264,7.84,615987,7.84
675120,09:34:44,7.86,2600,4000,4100,S,675119,7.86,656904,7.86
675121,09:34:44,7.86,1300,4000,1300,S,675119,7.86,658747,7.86
675122,09:34:44,7.86,100,4000,100,S,675119,7.86,664785,7.86
679087,09:34:47,7.85,600,50000,600,S,679086,7.8,641378,7.85
679088,09:34:47,7.85,400,50000,400,S,679086,7.8,643538,7.85
679089,09:34:47,7.84,1700,50000,7000,S,679086,7.8,617451,7.84
679090,09:34:47,7.84,500,50000,500,S,679086,7.8,619213,7.84
679091,09:34:47,7.84,800,50000,800,S,679086,7.8,622518,7.84
679092,09:34:47,7.84,2200,50000,2200,S,679086,7.8,631450,7.84
679093,09:34:47,7.83,2800,50000,5800,S,679086,7.8,559325,7.83
679094,09:34:47,7.83,200,50000,200,S,679086,7.8,569013,7.83
679095,09:34:47,7.83,300,50000,300,S,679086,7.8,572225,7.83
679096,09:34:47,7.83,300,50000,300,S,679086,7.8,572652,7.83
679097,09:34:47,7.83,3700,50000,3700,S,679086,7.8,591286,7.83
679098,09:34:47,7.83,100,50000,100,S,679086,7.8,600742,7.83
679099,09:34:47,7.83,200,50000,200,S,679086,7.8,614265,7.83
679100,09:34:47,7.83,300,50000,300,S,679086,7.8,614281,7.83
679101,09:34:47,7.83,500,50000,500,S,679086,7.8,619993,7.83
679102,09:34:47,7.82,100,50000,100,S,679086,7.8,207559,7.82
679103,09:34:47,7.82,300,50000,300,S,679086,7.8,323113,7.82
679104,09:34:47,7.82,500,50000,500,S,679086,7.8,362660,7.82
679105,09:34:47,7.82,600,50000,600,S,679086,7.8,415332,7.82
679106,09:34:47,7.82,3600,50000,3600,S,679086,7.8,445595,7.82
679107,09:34:47,7.82,2200,50000,2200,S,679086,7.8,540331,7.82
679108,09:34:47,7.82,900,50000,900,S,679086,7.8,597839,7.82
679109,09:34:47,7.81,2000,50000,2000,S,679086,7.8,273226,7.81
679110,09:34:47,7.81,600,50000,600,S,679086,7.8,365968,7.81
679111,09:34:47,7.81,2000,50000,2000,S,679086,7.8,407052,7.81
679112,09:34:47,7.81,1000,50000,1000,S,679086,7.8,434479,7.81
679113,09:34:47,7.81,1200,50000,1200,S,679086,7.8,436118,7.81
679114,09:34:47,7.81,1000,50000,1000,S,679086,7.8,642516,7.81
679115,09:34:47,7.8,1900,50000,1900,S,679086,7.8,110642,7.8
679116,09:34:47,7.8,1800,50000,1800,S,679086,7.8,113084,7.8
679117,09:34:47,7.8,500,50000,500,S,679086,7.8,148261,7.8
679118,09:34:47,7.8,100,50000,100,S,679086,7.8,161031,7.8
679119,09:34:47,7.8,4100,50000,4100,S,679086,7.8,252703,7.8
679120,09:34:47,7.8,1000,50000,1000,S,679086,7.8,255885,7.8
679121,09:34:47,7.8,5000,50000,5000,S,679086,7.8,333122,7.8
679122,09:34:47,7.8,4000,50000,4000,S,679086,7.8,345618,7.8
679123,09:34:47,7.8,1000,50000,1000,S,679086,7.8,352577,7.8
696688,09:35:01,7.82,8000,8000,8000,S,696687,7.82,680130,7.82
710371,09:35:11,7.85,500,5000,500,S,710370,7.85,710002,7.85
673500,09:34:43,7.87,400,600,2000,B,395848,7.87,673499,7.87
673501,09:34:43,7.87,600,600,2000,B,411145,7.87,673499,7.87
673502,09:34:43,7.87,1000,1000,2000,B,474661,7.87,673499,7.87
738640,09:35:34,7.85,100,5000,100,B,710370,7.85,738639,7.85
740093,09:35:35,7.85,200,5000,200,B,710370,7.85,740092,7.85
742802,09:35:37,7.85,200,5000,200,B,710370,7.85,742801,7.85
763610,09:35:54,7.84,100,900,100,S,763609,7.84,729358,7.84
763611,09:35:54,7.84,100,900,100,S,763609,7.84,733917,7.84
763612,09:35:54,7.84,200,900,200,S,763609,7.84,736539,7.84
763613,09:35:54,7.84,500,900,1000,S,763609,7.84,736781,7.84
765167,09:35:55,7.85,100,5000,100,B,710370,7.85,765166,7.85
768003,09:35:57,7.84,300,300,1000,S,768002,7.84,736781,7.84
778186,09:36:05,7.85,1000,5000,1000,B,710370,7.85,778185,7.85
788999,09:36:13,7.85,500,3800,5000,B,713550,7.85,788998,7.85
789000,09:36:13,7.85,900,900,5000,B,714219,7.85,788998,7.85
800899,09:36:22,7.85,3600,8200,5000,S,800898,7.85,788998,7.85
800900,09:36:22,7.85,500,8200,500,S,800898,7.85,790110,7.85
808593,09:36:28,7.85,2000,8200,2000,B,800898,7.85,808592,7.85
808607,09:36:28,7.85,2100,8200,2100,B,800898,7.85,808606,7.85
814808,09:36:32,7.86,1000,1000,4100,B,726328,7.86,814807,7.86
814809,09:36:32,7.86,2700,2700,4100,B,779236,7.86,814807,7.86
814810,09:36:32,7.86,400,1000,4100,B,805518,7.86,814807,7.86
820709,09:36:36,7.86,200,1000,200,B,805518,7.86,820708,7.86
822653,09:36:38,7.86,100,1000,100,B,805518,7.86,822652,7.86
825162,09:36:39,7.86,100,1000,100,B,805518,7.86,825161,7.86
783587,09:36:09,7.85,2900,5000,5000,B,710370,7.85,783586,7.85
783588,09:36:09,7.85,2100,3800,5000,B,713550,7.85,783586,7.85
787617,09:36:12,7.85,500,3800,500,B,713550,7.85,787616,7.85
788008,09:36:12,7.85,200,3800,200,B,713550,7.85,788007,7.85
788095,09:36:12,7.85,300,3800,300,B,713550,7.85,788094,7.85
788121,09:36:12,7.85,200,3800,200,B,713550,7.85,788120,7.85
847650,09:36:57,7.87,300,300,300,B,726010,7.87,847649,7.87
867652,09:37:12,7.86,200,1200,400,S,867651,7.86,839592,7.86
867653,09:37:12,7.86,1000,1200,1200,S,867651,7.86,840522,7.86
876259,09:37:19,7.86,200,10300,1200,S,876258,7.86,840522,7.86
876260,09:37:19,7.86,300,10300,300,S,876258,7.86,841331,7.86
876261,09:37:19,7.86,2000,10300,2000,S,876258,7.86,854025,7.86
876262,09:37:19,7.86,1700,10300,1700,S,876258,7.86,868717,7.86
876263,09:37:19,7.86,1000,10300,1000,S,876258,7.86,870764,7.86
876264,09:37:19,7.86,500,10300,500,S,876258,7.86,872132,7.86
884279,09:37:25,7.86,4600,10300,15600,B,876258,7.86,884278,7.87
884280,09:37:25,7.87,11000,17800,15600,B,726317,7.87,884278,7.87
839593,09:36:50,7.86,200,1000,400,B,805518,7.86,839592,7.86
904947,09:37:41,7.87,1000,17800,1000,B,726317,7.87,904946,7.87
916838,09:37:50,7.87,4100,17800,4100,B,726317,7.87,916837,7.87
898611,09:37:36,7.86,100,500,100,S,898610,7.86,887264,7.86
901025,09:37:38,7.86,100,500,100,B,898610,7.86,901024,7.86
902780,09:37:39,7.86,300,500,400,B,898610,7.86,902779,7.86
963694,09:38:26,7.87,900,17800,900,B,726317,7.87,963693,7.87
979664,09:38:39,7.86,4100,4500,4800,S,979663,7.86,947318,7.86
982495,09:38:42,7.86,400,4500,400,B,979663,7.86,982494,7.86
982804,09:38:42,7.87,100,17800,100,B,726317,7.87,982803,7.87
989426,09:38:48,7.86,900,2000,900,B,987402,7.86,989425,7.86
989535,09:38:49,7.86,600,2000,600,B,987402,7.86,989534,7.86
989544,09:38:49,7.86,500,2000,700,B,987402,7.86,989543,7.86
992853,09:38:52,7.87,700,17800,10000,B,726317,7.87,992852,7.87
992854,09:38:52,7.87,600,600,10000,B,727321,7.87,992852,7.87
992855,09:38:52,7.87,400,400,10000,B,801587,7.87,992852,7.87
992856,09:38:52,7.87,4000,4000,10000,B,922956,7.87,992852,7.87
992857,09:38:52,7.87,3000,3000,10000,B,952146,7.87,992852,7.87
992858,09:38:52,7.87,1300,1300,10000,B,965339,7.87,992852,7.87
996217,09:38:55,7.86,200,10900,700,S,996216,7.86,989543,7.86
998903,09:38:57,7.86,4000,10900,4000,B,996216,7.86,998902,7.86
1002056,09:39:00,7.86,500,10900,500,B,996216,7.86,1002055,7.86
957952,09:38:21,7.86,100,1000,400,S,957951,7.86,902779,7.86
957953,09:38:21,7.86,200,1000,200,S,957951,7.86,903120,7.86
957954,09:38:21,7.86,700,1000,4800,S,957951,7.86,947318,7.86
1017049,09:39:15,7.85,800,30000,900,S,1017048,7.84,824708,7.85
1017050,09:39:15,7.85,10200,30000,10200,S,1017048,7.84,830069,7.85
1017051,09:39:15,7.85,5000,30000,5000,S,1017048,7.84,905976,7.85
1017052,09:39:15,7.85,500,30000,500,S,1017048,7.84,917781,7.85
1017053,09:39:15,7.85,100,30000,100,S,1017048,7.84,985665,7.85
1017054,09:39:15,7.84,200,30000,1000,S,1017048,7.84,736781,7.84
1017055,09:39:15,7.84,200,30000,200,S,1017048,7.84,742932,7.84
1017056,09:39:15,7.84,200,30000,200,S,1017048,7.84,744362,7.84
1017057,09:39:15,7.84,500,30000,500,S,1017048,7.84,744666,7.84
1017058,09:39:15,7.84,200,30000,200,S,1017048,7.84,744895,7.84
1017059,09:39:15,7.84,8500,30000,8500,S,1017048,7.84,773846,7.84
1017060,09:39:15,7.84,3600,30000,3600,S,1017048,7.84,782149,7.84
1034103,09:39:31,7.85,700,700,4500,S,1034102,7.85,1020396,7.85
1042237,09:39:39,7.85,300,300,4500,S,1042236,7.85,1020396,7.85
1049742,09:39:47,7.86,100,10900,100,B,996216,7.86,1049741,7.86
1052888,09:39:50,7.86,300,10900,300,B,996216,7.86,1052887,7.86
1060494,09:39:58,7.86,300,10900,300,B,996216,7.86,1060493,7.86
1062521,09:40:00,7.86,1200,10900,1200,B,996216,7.86,1062520,7.86
1011992,09:39:09,7.85,400,500,400,S,1011991,7.85,808646,7.85
1011993,09:39:09,7.85,100,500,900,S,1011991,7.85,824708,7.85
1085572,09:40:21,7.86,500,10900,500,B,996216,7.86,1085571,7.86
1086566,09:40:22,7.85,3500,13500,4500,S,1086565,7.84,1020396,7.85
1086567,09:40:22,7.85,1000,13500,1000,S,1086565,7.84,1063940,7.85
1086568,09:40:22,7.85,2200,13500,2200,S,1086565,7.84,1066405,7.85
1086569,09:40:22,7.85,1000,13500,1000,S,1086565,7.84,1078423,7.85
1086570,09:40:22,7.84,1100,13500,1100,S,1086565,7.84,1035107,7.84
1086571,09:40:22,7.84,4700,13500,12600,S,1086565,7.84,1052561,7.84
1097507,09:40:33,7.86,100,10900,100,B,996216,7.86,1097506,7.86
1101775,09:40:37,7.86,100,10900,100,B,996216,7.86,1101774,7.86
1104100,09:40:40,7.86,600,10900,600,B,996216,7.86,1104099,7.86
1104207,09:40:40,7.86,100,10900,100,B,996216,7.86,1104206,7.86
1104499,09:40:40,7.86,100,10900,100,B,996216,7.86,1104498,7.86
1111531,09:40:47,7.86,600,10900,600,B,996216,7.86,1111530,7.86
1116494,09:40:52,7.86,100,10900,100,B,996216,7.86,1116493,7.86
1152825,09:41:29,7.86,2000,10900,2000,B,996216,7.86,1152824,7.86
1183026,09:42:02,7.86,100,10900,100,B,996216,7.86,1183025,7.86
1184810,09:42:04,7.85,100,2900,100,S,1184809,7.85,1093970,7.85
1184811,09:42:04,7.85,100,2900,100,S,1184809,7.85,1095599,7.85
1184812,09:42:04,7.85,100,2900,100,S,1184809,7.85,1146092,7.85
1184813,09:42:04,7.85,2500,2900,2500,S,1184809,7.85,1148039,7.85
1184814,09:42:04,7.85,100,2900,200,S,1184809,7.85,1150448,7.85
1192320,09:42:11,7.85,100,100,200,S,1192319,7.85,1150448,7.85
1194749,09:42:14,7.85,1300,1300,4400,S,1194748,7.85,1185503,7.85
1202683,09:42:23,7.85,3100,10000,4400,S,1202682,7.85,1185503,7.85
1202684,09:42:23,7.85,100,10000,100,S,1202682,7.85,1190447,7.85
1202685,09:42:23,7.85,3800,10000,3800,S,1202682,7.85,1198239,7.85
1202686,09:42:23,7.85,300,10000,300,S,1202682,7.85,1202383,7.85
1204142,09:42:24,7.85,1500,10000,1500,B,1202682,7.85,1204141,7.85
1204154,09:42:24,7.85,1200,10000,1200,B,1202682,7.85,1204153,7.85
1220047,09:42:42,7.85,1200,1200,1400,S,1220046,7.85,1204186,7.85
1220700,09:42:42,7.86,200,300,200,B,1169880,7.86,1220699,7.86
1233789,09:42:57,7.85,200,7700,1400,S,1233788,7.84,1204186,7.85
1233790,09:42:57,7.85,1300,7700,1300,S,1233788,7.84,1204190,7.85
1233791,09:42:57,7.85,300,7700,300,S,1233788,7.84,1204390,7.85
1233792,09:42:57,7.85,1000,7700,1000,S,1233788,7.84,1212091,7.85
1233793,09:42:57,7.85,300,7700,300,S,1233788,7.84,1213065,7.85
1233794,09:42:57,7.84,4600,7700,12600,S,1233788,7.84,1052561,7.84
1235782,09:42:59,7.86,1600,3000,5900,B,1175215,7.86,1235781,7.87
1235783,09:42:59,7.86,1700,1700,5900,B,1184614,7.86,1235781,7.87
1235784,09:42:59,7.87,2600,2800,5900,B,992720,7.87,1235781,7.87
1238357,09:43:02,7.87,100,2800,100,B,992720,7.87,1238356,7.87
1247980,09:43:12,7.87,100,2800,100,B,992720,7.87,1247979,7.87
1230167,09:42:53,7.86,100,300,1500,B,1169880,7.86,1230166,7.86
1230168,09:42:53,7.86,1400,3000,1500,B,1175215,7.86,1230166,7.86
1288404,09:43:55,7.86,200,3000,200,B,1260794,7.86,1288403,7.86
1293244,09:44:00,7.86,1100,3000,1100,B,1260794,7.86,1293243,7.86
1296421,09:44:04,7.85,300,5000,300,S,1296420,7.84,1250521,7.85
1296422,09:44:04,7.85,400,5000,400,S,1296420,7.84,1250557,7.85
1296423,09:44:04,7.85,500,5000,500,S,1296420,7.84,1250574,7.85
1296424,09:44:04,7.85,200,5000,200,S,1296420,7.84,1250668,7.85
1296425,09:44:04,7.84,3300,5000,12600,S,1296420,7.84,1052561,7.84
1296426,09:44:04,7.84,200,5000,200,S,1296420,7.84,1069983,7.84
1296427,09:44:04,7.84,100,5000,1000,S,1296420,7.84,1111801,7.84
1301497,09:44:09,7.86,100,3000,100,B,1260794,7.86,1301496,7.86
1304739,09:44:12,7.86,200,3000,200,B,1260794,7.86,1304738,7.86
1305142,09:44:13,7.86,300,3000,300,B,1260794,7.86,1305141,7.86
1308494,09:44:16,7.85,100,100,100,S,1308493,7.85,1297342,7.85
1309286,09:44:17,7.86,300,3000,300,B,1260794,7.86,1309285,7.86
1309997,09:44:18,7.86,300,3000,700,B,1260794,7.86,1309996,7.86
1325652,09:44:35,7.87,100,1700,100,B,1114884,7.87,1325651,7.87
1281687,09:43:48,7.86,500,3000,500,B,1260794,7.86,1281686,7.86
1350611,09:45:01,7.87,1000,1700,1000,B,1114884,7.87,1350610,7.87
1363664,09:45:14,7.87,100,1700,100,B,1114884,7.87,1363663,7.87
1395629,09:45:47,7.86,400,2000,700,S,1395628,7.86,1309996,7.86
1395630,09:45:47,7.86,300,2000,300,S,1395628,7.86,1310012,7.86
1395631,09:45:47,7.86,400,2000,400,S,1395628,7.86,1310070,7.86
1395632,09:45:47,7.86,500,2000,500,S,1395628,7.86,1310074,7.86
1395633,09:45:47,7.86,200,2000,200,S,1395628,7.86,1310242,7.86
1395634,09:45:47,7.86,200,2000,400,S,1395628,7.86,1349536,7.86
1402081,09:45:53,7.86,200,1500,400,S,1402080,7.86,1349536,7.86
1402082,09:45:53,7.86,300,1500,300,S,1402080,7.86,1350789,7.86
1402083,09:45:53,7.86,200,1500,200,S,1402080,7.86,1379212,7.86
1402084,09:45:53,7.86,200,1500,200,S,1402080,7.86,1379296,7.86
1402085,09:45:53,7.86,300,1500,300,S,1402080,7.86,1383913,7.86
1402086,09:45:53,7.86,100,1500,100,S,1402080,7.86,1394488,7.86
1402087,09:45:53,7.86,200,1500,300,S,1402080,7.86,1401364,7.86
1405306,09:45:56,7.86,100,1500,300,S,1405305,7.86,1401364,7.86
1427711,09:46:17,7.86,200,1500,200,B,1405305,7.86,1427710,7.86
1452191,09:46:41,7.86,1600,1600,3200,S,1452190,7.86,1440711,7.86
1472674,09:47:02,7.86,1000,1000,3200,S,1472673,7.86,1440711,7.86
1440704,09:46:30,7.86,1200,1500,2000,B,1405305,7.86,1440703,7.86
1441286,09:46:31,7.86,800,1400,2000,S,1441285,7.86,1440703,7.86
1441287,09:46:31,7.86,600,1400,3200,S,1441285,7.86,1440711,7.86
1502334,09:47:31,7.87,400,1700,7300,B,1114884,7.87,1502333,7.87
1502335,09:47:31,7.87,800,800,7300,B,1126878,7.87,1502333,7.87
1502336,09:47:31,7.87,3000,3000,7300,B,1151134,7.87,1502333,7.87
1502337,09:47:31,7.87,500,500,7300,B,1159132,7.87,1502333,7.87
1502338,09:47:31,7.87,900,900,7300,B,1169341,7.87,1502333,7.87
1502339,09:47:31,7.87,1700,1900,7300,B,1275085,7.87,1502333,7.87
1512751,09:47:42,7.87,200,1900,4700,B,1275085,7.87,1512750,7.87
1512752,09:47:42,7.87,500,500,4700,B,1284847,7.87,1512750,7.87
1512753,09:47:42,7.87,500,500,4700,B,1299138,7.87,1512750,7.87
1512754,09:47:42,7.87,3500,10000,4700,B,1364032,7.87,1512750,7.87
1522191,09:47:51,7.87,6500,10000,10700,B,1364032,7.87,1522190,7.88
1522192,09:47:51,7.87,1400,1400,10700,B,1370467,7.87,1522190,7.88
1522193,09:47:51,7.87,2000,2000,10700,B,1373905,7.87,1522190,7.88
1522194,09:47:51,7.88,400,400,10700,B,152687,7.88,1522190,7.88
1522195,09:47:51,7.88,400,20000,10700,B,274493,7.88,1522190,7.88
1530400,09:47:59,7.88,4600,20000,4600,B,274493,7.88,1530399,7.88
1533713,09:48:03,7.88,15000,20000,17800,B,274493,7.88,1533712,7.88
1533714,09:48:03,7.88,200,200,17800,B,338456,7.88,1533712,7.88
1533715,09:48:03,7.88,300,300,17800,B,351983,7.88,1533712,7.88
1533716,09:48:03,7.88,200,200,17800,B,451100,7.88,1533712,7.88
1533717,09:48:03,7.88,1100,1100,17800,B,979263,7.88,1533712,7.88
1533718,09:48:03,7.88,1000,1000,17800,B,1390030,7.88,1533712,7.88
1492954,09:47:22,7.87,100,1700,100,B,1114884,7.87,1492953,7.87
1555974,09:48:25,7.89,1300,1300,4400,B,14425,7.89,1555973,7.89
1555975,09:48:25,7.89,900,900,4400,B,903494,7.89,1555973,7.89
1555976,09:48:25,7.89,2000,2000,4400,B,1223160,7.89,1555973,7.89
1555977,09:48:25,7.89,200,300,4400,B,1511139,7.89,1555973,7.89
1561036,09:48:30,7.89,100,300,100,B,1511139,7.89,1561035,7.89
1561230,09:48:30,7.89,200,200,200,B,1543480,7.89,1561229,7.89
1561661,09:48:30,7.89,2900,5000,2900,B,1547986,7.89,1561660,7.89
1562055,09:48:31,7.89,200,5000,200,B,1547986,7.89,1562054,7.89
1567901,09:48:37,7.89,500,5000,500,B,1547986,7.89,1567900,7.89
1573376,09:48:42,7.89,1400,5000,2000,B,1547986,7.89,1573375,7.89
1573377,09:48:42,7.89,600,5000,2000,B,1561323,7.89,1573375,7.89
1583340,09:48:53,7.89,4400,5000,20000,B,1561323,7.89,1583339,7.89
1583341,09:48:53,7.89,3000,3000,20000,B,1565206,7.89,1583339,7.89
1583342,09:48:53,7.89,10000,10000,20000,B,1565639,7.89,1583339,7.89
1586696,09:48:56,7.89,1300,1300,20000,S,1586695,7.89,1583339,7.89
1592576,09:49:02,7.9,100,100,3800,B,23400,7.9,1592575,7.9
1592577,09:49:02,7.9,3500,3500,3800,B,27682,7.9,1592575,7.9
1592578,09:49:02,7.9,200,1000,3800,B,138444,7.9,1592575,7.9
1609859,09:49:21,7.9,300,1000,300,B,138444,7.9,1609858,7.9
1610496,09:49:21,7.9,1400,1400,20000,B,156115,7.9,1610495,7.91
1610497,09:49:21,7.9,10000,10000,20000,B,184092,7.9,1610495,7.91
1610498,09:49:21,7.9,100,100,20000,B,732232,7.9,1610495,7.91
1610499,09:49:21,7.9,2500,2500,20000,B,1603039,7.9,1610495,7.91
1610500,09:49:21,7.9,1000,1000,20000,B,1604539,7.9,1610495,7.91
1610501,09:49:21,7.91,1500,1500,20000,B,14426,7.91,1610495,7.91
1610502,09:49:21,7.91,300,300,20000,B,150243,7.91,1610495,7.91
1610503,09:49:21,7.91,3200,6300,20000,B,164412,7.91,1610495,7.91
1616179,09:49:27,7.9,900,900,1400,B,1615571,7.9,1616178,7.9
1619737,09:49:30,7.9,500,10000,1400,S,1619736,7.9,1616178,7.9
1619738,09:49:30,7.9,1200,10000,1200,S,1619736,7.9,1616190,7.9
1619739,09:49:30,7.9,1300,10000,1300,S,1619736,7.9,1616232,7.9
1619740,09:49:30,7.9,1700,10000,1700,S,1619736,7.9,1616238,7.9
1619741,09:49:30,7.9,600,10000,600,S,1619736,7.9,1616456,7.9
1621737,09:49:32,7.9,2500,10000,2500,B,1619736,7.9,1621736,7.9
1622490,09:49:33,7.9,200,10000,200,B,1619736,7.9,1622489,7.9
1625861,09:49:36,7.9,2000,10000,2000,B,1619736,7.9,1625860,7.9
1627124,09:49:38,7.9,1000,1000,2500,B,1621055,7.9,1627123,7.9
1627125,09:49:38,7.9,500,500,2500,B,1624169,7.9,1627123,7.9
1627154,09:49:38,7.9,1000,2900,2500,S,1627153,7.9,1627123,7.9
1627904,09:49:38,7.9,100,2900,100,B,1627153,7.9,1627903,7.9
1629902,09:49:40,7.9,500,2900,500,B,1627153,7.9,1629901,7.9
1633997,09:49:44,7.9,1300,2900,2000,B,1627153,7.9,1633996,7.9
1633998,09:49:44,7.9,700,5000,2000,B,1629605,7.9,1633996,7.9
1644840,09:49:54,7.9,1800,5000,1800,B,1629605,7.9,1644839,7.9
1598009,09:49:08,7.9,500,1000,500,B,138444,7.9,1598008,7.9
1652401,09:50:01,7.89,1300,14100,20000,S,1652400,7.89,1583339,7.89
1652402,09:50:01,7.89,100,14100,100,S,1652400,7.89,1587703,7.89
1652403,09:50:01,7.89,12700,14100,19200,S,1652400,7.89,1588807,7.89
1657056,09:50:05,7.89,1900,1900,19200,S,1657055,7.89,1588807,7.89
1657265,09:50:05,7.89,4600,5100,19200,S,1657264,7.89,1588807,7.89
1657266,09:50:05,7.89,400,5100,400,S,1657264,7.89,1610399,7.89
1657267,09:50:05,7.89,100,5100,100,S,1657264,7.89,1623058,7.89
1660468,09:50:08,7.89,1000,2600,1000,B,1657558,7.89,1660467,7.89
1661787,09:50:09,7.88,100,600,100,S,1661786,7.88,1552226,7.88
1661788,09:50:09,7.88,100,600,100,S,1661786,7.88,1558268,7.88
1661789,09:50:09,7.88,200,600,200,S,1661786,7.88,1578839,7.88
1661790,09:50:09,7.88,200,600,200,S,1661786,7.88,1581713,7.88
1661843,09:50:09,7.89,1600,2600,2500,B,1657558,7.89,1661842,7.9
1661844,09:50:09,7.9,900,2200,2500,B,1641995,7.9,1661842,7.9
1677168,09:50:24,7.9,1000,2200,8000,B,1641995,7.9,1677167,7.9
1677169,09:50:24,7.9,5400,5400,8000,B,1644835,7.9,1677167,7.9
1677170,09:50:24,7.9,1000,1000,8000,B,1652678,7.9,1677167,7.9
1677171,09:50:24,7.9,500,500,8000,B,1660221,7.9,1677167,7.9
1682521,09:50:29,7.9,100,1000,8000,S,1682520,7.9,1677167,7.9
1683107,09:50:29,7.9,200,1000,200,B,1682520,7.9,1683106,7.9
1683611,09:50:30,7.89,400,400,400,S,1683610,7.89,1683400,7.89
1686358,09:50:32,7.9,700,1000,900,B,1682520,7.9,1686357,7.9
1687273,09:50:33,7.9,200,1500,900,S,1687272,7.9,1686357,7.9
1687274,09:50:33,7.9,100,1500,100,S,1687272,7.9,1686383,7.9
1689700,09:50:36,7.9,100,1500,100,B,1687272,7.9,1689699,7.9
1690177,09:50:36,7.9,400,1500,400,B,1687272,7.9,1690176,7.9
1690345,09:50:36,7.9,200,1500,200,B,1687272,7.9,1690344,7.9
1690349,09:50:36,7.9,200,1500,200,B,1687272,7.9,1690348,7.9
1690448,09:50:36,7.9,200,1500,200,B,1687272,7.9,1690447,7.9
1691823,09:50:38,7.9,100,1500,100,B,1687272,7.9,1691822,7.9
1649808,09:49:58,7.9,1000,5000,1000,B,1629605,7.9,1649807,7.9
1651645,09:50:00,7.9,1500,5000,4500,B,1629605,7.9,1651644,7.9
1651646,09:50:00,7.9,2700,2700,4500,B,1631038,7.9,1651644,7.9
1651647,09:50:00,7.9,300,2200,4500,B,1641995,7.9,1651644,7.9
1712630,09:50:57,7.9,500,10000,500,S,1712629,7.9,1697909,7.9
1712631,09:50:57,7.9,200,10000,200,S,1712629,7.9,1698245,7.9
1712632,09:50:57,7.9,300,10000,300,S,1712629,7.9,1699291,7.9
1712633,09:50:57,7.9,300,10000,300,S,1712629,7.9,1699294,7.9
1712634,09:50:57,7.9,8700,10000,9700,S,1712629,7.9,1700783,7.9
1712647,09:50:57,7.9,1000,1000,9700,S,1712646,7.9,1700783,7.9
1726739,09:51:10,7.9,300,1000,300,S,1726738,7.9,1704359,7.9
1726740,09:51:10,7.9,700,1000,700,S,1726738,7.9,1717207,7.9
1729253,09:51:13,7.91,3100,6300,17000,B,164412,7.91,1729252,7.91
1729254,09:51:13,7.91,1000,1000,17000,B,396683,7.91,1729252,7.91
1729255,09:51:13,7.91,3000,3000,17000,B,1607056,7.91,1729252,7.91
1729256,09:51:13,7.91,3000,3000,17000,B,1608146,7.91,1729252,7.91
1729257,09:51:13,7.91,200,200,17000,B,1619199,7.91,1729252,7.91
1729258,09:51:13,7.91,4000,4000,17000,B,1643633,7.91,1729252,7.91
1729263,09:51:13,7.91,2000,2000,17000,S,1729262,7.91,1729252,7.91
1730078,09:51:13,7.91,700,700,17000,S,1730077,7.91,1729252,7.91
1740968,09:51:24,7.92,300,1000,300,B,74479,7.92,1740967,7.92
1742288,09:51:26,7.92,700,1000,20000,B,74479,7.92,1742287,7.93
1742289,09:51:26,7.92,1000,1000,20000,B,217072,7.92,1742287,7.93
1742290,09:51:26,7.92,1000,1000,20000,B,281784,7.92,1742287,7.93
1742291,09:51:26,7.92,4000,4000,20000,B,377650,7.92,1742287,7.93
1742292,09:51:26,7.92,1000,1000,20000,B,1586638,7.92,1742287,7.93
1742293,09:51:26,7.92,600,600,20000,B,1587885,7.92,1742287,7.93
1742294,09:51:26,7.92,2000,2000,20000,B,1603873,7.92,1742287,7.93
1742295,09:51:26,7.92,2500,2500,20000,B,1610356,7.92,1742287,7.93
1742296,09:51:26,7.92,800,800,20000,B,1651479,7.92,1742287,7.93
1742297,09:51:26,7.92,500,500,20000,B,1728719,7.92,1742287,7.93
1742298,09:51:26,7.93,1900,1900,20000,B,13037,7.93,1742287,7.93
1742299,09:51:26,7.93,1700,1700,20000,B,14427,7.93,1742287,7.93
1742300,09:51:26,7.93,2300,2700,20000,B,30109,7.93,1742287,7.93
1744723,09:51:28,7.92,500,500,800,B,1744715,7.92,1744722,7.92
1746644,09:51:30,7.93,400,2700,5400,B,30109,7.93,1746643,7.93
1746645,09:51:30,7.93,1100,1100,5400,B,189020,7.93,1746643,7.93
1746646,09:51:30,7.93,1600,1600,5400,B,928305,7.93,1746643,7.93
1746647,09:51:30,7.93,2300,34100,5400,B,1024906,7.93,1746643,7.93
1748750,09:51:32,7.93,20000,34100,20000,B,1024906,7.93,1748749,7.93
1756146,09:51:38,7.93,1000,34100,1000,B,1024906,7.93,1756145,7.93
1756823,09:51:39,7.93,800,34100,800,B,1024906,7.93,1756822,7.93
1756847,09:51:39,7.93,3800,34100,3800,B,1024906,7.93,1756846,7.93
1756870,09:51:39,7.93,1200,34100,1200,B,1024906,7.93,1756869,7.93
1758017,09:51:40,7.92,300,300,800,S,1758016,7.92,1744722,7.92
1759603,09:51:42,7.93,100,34100,100,B,1024906,7.93,1759602,7.93
1759762,09:51:42,7.93,300,34100,300,B,1024906,7.93,1759761,7.93
1759885,09:51:42,7.93,300,34100,300,B,1024906,7.93,1759884,7.93
1760132,09:51:42,7.94,1000,1000,5200,B,499023,7.94,1760131,7.94
1760133,09:51:42,7.94,900,900,5200,B,1174883,7.94,1760131,7.94
1762820,09:51:45,7.94,300,300,5200,S,1762819,7.94,1760131,7.94
1762950,09:51:45,7.95,1900,1900,30000,B,14428,7.95,1762949,7.97
1762951,09:51:45,7.95,4900,4900,30000,B,44342,7.95,1762949,7.97
1762952,09:51:45,7.95,1000,1000,30000,B,57322,7.95,1762949,7.97
1762953,09:51:45,7.95,1000,1000,30000,B,58295,7.95,1762949,7.97
1762954,09:51:45,7.95,1500,1500,30000,B,192433,7.95,1762949,7.97
1762955,09:51:45,7.95,600,600,30000,B,353796,7.95,1762949,7.97
1762956,09:51:45,7.95,300,300,30000,B,1525300,7.95,1762949,7.97
1762957,09:51:45,7.95,1000,1000,30000,B,1588052,7.95,1762949,7.97
1762958,09:51:45,7.95,1100,1100,30000,B,1626765,7.95,1762949,7.97
1762959,09:51:45,7.95,300,300,30000,B,1704780,7.95,1762949,7.97
1762960,09:51:45,7.95,500,500,30000,B,1755158,7.95,1762949,7.97
1762961,09:51:45,7.95,1000,1000,30000,B,1755508,7.95,1762949,7.97
1762962,09:51:45,7.96,800,800,30000,B,22678,7.96,1762949,7.97
1762963,09:51:45,7.96,2000,2000,30000,B,207283,7.96,1762949,7.97
1762964,09:51:45,7.96,1600,1600,30000,B,909068,7.96,1762949,7.97
1762965,09:51:45,7.96,2000,2000,30000,B,1724341,7.96,1762949,7.97
1762966,09:51:45,7.97,2100,2100,30000,B,14429,7.97,1762949,7.97
1762967,09:51:45,7.97,3000,3000,30000,B,119753,7.97,1762949,7.97
1762968,09:51:45,7.97,3400,5000,30000,B,149930,7.97,1762949,7.97
1765417,09:51:47,7.94,3000,3000,5200,S,1765416,7.94,1760131,7.94
1768201,09:51:50,7.96,11200,11200,22200,S,1768200,7.96,1766774,7.96
1769616,09:51:51,7.96,1000,1000,22200,S,1769615,7.96,1766774,7.96
1769786,09:51:51,7.96,3700,3700,22200,S,1769785,7.96,1766774,7.96
1774942,09:51:56,7.96,5000,5000,22200,S,1774941,7.96,1766774,7.96
1775837,09:51:57,7.97,1600,5000,7300,B,149930,7.97,1775836,7.97
1775838,09:51:57,7.97,300,300,7300,B,153117,7.97,1775836,7.97
1775839,09:51:57,7.97,2000,2000,7300,B,1254144,7.97,1775836,7.97
1775840,09:51:57,7.97,800,800,7300,B,1632239,7.97,1775836,7.97
1775841,09:51:57,7.97,1500,1500,7300,B,1775421,7.97,1775836,7.97
1775842,09:51:57,7.97,1100,1100,7300,B,1775679,7.97,1775836,7.97
1776501,09:51:57,7.96,1300,2000,22200,S,1776500,7.96,1766774,7.96
1776512,09:51:57,7.96,700,2000,1200,B,1776500,7.96,1776511,7.96
1779344,09:52:00,7.97,300,5000,300,B,1776216,7.97,1779343,7.97
1782485,09:52:02,7.96,500,500,1200,S,1782484,7.96,1776511,7.96
1782552,09:52:03,7.97,4700,5000,34900,B,1776216,7.97,1782551,7.97
1782553,09:52:03,7.97,500,500,34900,B,1778160,7.97,1782551,7.97
1782563,09:52:03,7.98,500,500,600,B,16517,7.98,1782562,7.98
1782564,09:52:03,7.98,100,3000,600,B,27683,7.98,1782562,7.98
1782838,09:52:03,7.97,1500,1500,34900,S,1782837,7.97,1782551,7.97
1784065,09:52:04,7.97,4000,4000,34900,S,1784064,7.97,1782551,7.97
1784429,09:52:04,7.97,4000,4000,34900,S,1784428,7.97,1782551,7.97
1785643,09:52:05,7.97,1000,1000,34900,S,1785642,7.97,1782551,7.97
1786335,09:52:06,7.98,2900,3000,3000,B,27683,7.98,1786334,7.98
1786336,09:52:06,7.98,100,8000,3000,B,28920,7.98,1786334,7.98
1786338,09:52:06,7.98,6600,8000,6600,B,28920,7.98,1786337,7.98
1786513,09:52:06,7.97,7000,7000,34900,S,1786512,7.97,1782551,7.97
1788333,09:52:08,7.98,1300,8000,4700,B,28920,7.98,1788332,7.98
1788334,09:52:08,7.98,300,300,4700,B,205170,7.98,1788332,7.98
1788335,09:52:08,7.98,800,800,4700,B,243394,7.98,1788332,7.98
1788336,09:52:08,7.98,1000,1000,4700,B,951925,7.98,1788332,7.98
1788337,09:52:08,7.98,1000,1000,4700,B,1462062,7.98,1788332,7.98
1788338,09:52:08,7.98,300,6000,4700,B,1705715,7.98,1788332,7.98
1788426,09:52:08,7.97,800,800,34900,S,1788425,7.97,1782551,7.97
1788869,09:52:08,7.97,2500,2500,34900,S,1788868,7.97,1782551,7.97
1790099,09:52:09,7.98,1100,6000,1100,B,1705715,7.98,1790098,7.98
1790225,09:52:09,7.98,4600,6000,13000,B,1705715,7.98,1790224,7.98
1790226,09:52:09,7.98,700,700,13000,B,1715145,7.98,1790224,7.98
1790227,09:52:09,7.98,500,500,13000,B,1761792,7.98,1790224,7.98
1790228,09:52:09,7.98,7200,20000,13000,B,1768896,7.98,1790224,7.98
1791781,09:52:11,7.98,11500,20000,11500,B,1768896,7.98,1791780,7.98
1792623,09:52:11,7.97,1000,1000,34900,S,1792622,7.97,1782551,7.97
1792756,09:52:12,7.98,1100,20000,1100,B,1768896,7.98,1792755,7.98
1792940,09:52:12,7.97,1400,1400,34900,S,1792939,7.97,1782551,7.97
1793484,09:52:12,7.98,200,20000,400,B,1768896,7.98,1793483,7.98
1793485,09:52:12,7.98,200,700,400,B,1788280,7.98,1793483,7.98
1793605,09:52:12,7.98,500,700,700,B,1788280,7.98,1793604,7.98
1795098,09:52:14,7.98,200,1500,700,S,1795097,7.97,1793604,7.98
1795099,09:52:14,7.98,600,1500,600,S,1795097,7.97,1793612,7.98
1795100,09:52:14,7.97,700,1500,34900,S,1795097,7.97,1782551,7.97
1797391,09:52:16,7.97,500,500,34900,S,1797390,7.97,1782551,7.97
1798516,09:52:17,7.97,1000,1000,34900,S,1798515,7.97,1782551,7.97
1750309,09:51:33,7.93,300,34100,300,B,1024906,7.93,1750308,7.93
1752048,09:51:35,7.93,300,34100,300,B,1024906,7.93,1752047,7.93
1752205,09:51:35,7.93,300,34100,300,B,1024906,7.93,1752204,7.93
1752207,09:51:35,7.93,1900,34100,1900,B,1024906,7.93,1752206,7.93
1752752,09:51:35,7.93,100,34100,100,B,1024906,7.93,1752751,7.93
1752817,09:51:35,7.93,1400,34100,1400,B,1024906,7.93,1752816,7.93
1807995,09:52:25,7.98,8700,8700,109700,B,1807256,7.98,1807994,7.98
1808305,09:52:26,7.98,2000,2000,109700,S,1808304,7.98,1807994,7.98
1812185,09:52:30,7.99,11000,14000,50000,B,452,7.99,1812184,7.99
1812186,09:52:30,7.99,1200,1200,50000,B,12383,7.99,1812184,7.99
1812187,09:52:30,7.99,2100,2100,50000,B,14430,7.99,1812184,7.99
1812188,09:52:30,7.99,500,500,50000,B,16518,7.99,1812184,7.99
1812189,09:52:30,7.99,1700,1700,50000,B,109463,7.99,1812184,7.99
1812190,09:52:30,7.99,9600,9600,50000,B,1655008,7.99,1812184,7.99
1812191,09:52:30,7.99,900,900,50000,B,1812149,7.99,1812184,7.99
1815397,09:52:33,7.99,17000,17000,50000,S,1815396,7.99,1812184,7.99
1816596,09:52:34,7.99,1000,1000,50000,S,1816595,7.99,1812184,7.99
1818038,09:52:35,7.99,5000,10000,50000,S,1818037,7.98,1812184,7.99
1818039,09:52:35,7.98,5000,10000,109700,S,1818037,7.98,1807994,7.98
1819837,09:52:37,7.99,700,5000,700,S,1819836,7.99,1818822,7.99
1821041,09:52:39,7.98,1000,1000,109700,S,1821040,7.98,1807994,7.98
1821862,09:52:39,7.99,2000,5000,2000,B,1819836,7.99,1821861,7.99
1823192,09:52:40,7.98,49500,49500,109700,S,1823191,7.98,1807994,7.98
1824161,09:52:41,7.98,1000,1000,109700,S,1824160,7.98,1807994,7.98
1824673,09:52:42,7.99,2300,5000,3300,B,1819836,7.99,1824672,7.99
1824828,09:52:42,7.99,1000,10000,3300,S,1824827,7.99,1824672,7.99
1824863,09:52:42,7.99,9000,10000,15000,B,1824827,7.99,1824862,8
1824864,09:52:42,8,500,500,15000,B,16519,8,1824862,8
1824865,09:52:42,8,500,500,15000,B,74587,8,1824862,8
1824866,09:52:42,8,2000,2000,15000,B,231971,8,1824862,8
1824867,09:52:42,8,2000,2000,15000,B,282197,8,1824862,8
1824868,09:52:42,8,1000,3200,15000,B,284873,8,1824862,8
1825056,09:52:42,8,2200,3200,2300,B,284873,8,1825055,8
1825057,09:52:42,8,100,1000,2300,B,370990,8,1825055,8
1830899,09:52:48,8,900,1000,3000,B,370990,8,1830898,8
1830900,09:52:48,8,500,500,3000,B,1703825,8,1830898,8
1830901,09:52:48,8,1000,1000,3000,B,1804116,8,1830898,8
1830902,09:52:48,8,500,500,3000,B,1812553,8,1830898,8
1830903,09:52:48,8,100,700,3000,B,1815199,8,1830898,8
1832150,09:52:50,8,100,700,100,B,1815199,8,1832149,8
1834443,09:52:52,7.99,300,300,300,S,1834442,7.99,1832904,7.99
1835291,09:52:53,8,300,700,300,B,1815199,8,1835290,8
1836453,09:52:54,8,200,700,300,B,1815199,8,1836452,8
1836454,09:52:54,8,100,3900,300,B,1817357,8,1836452,8
1837561,09:52:55,8,3800,3900,6800,B,1817357,8,1837560,8
1837562,09:52:55,8,3000,6300,6800,B,1818107,8,1837560,8
1838230,09:52:56,8,2500,6300,2500,B,1818107,8,1838229,8
1838945,09:52:57,8,800,6300,1000,B,1818107,8,1838944,8
1838946,09:52:57,8,200,2000,1000,B,1818502,8,1838944,8
1839132,09:52:57,8,1800,2000,15000,B,1818502,8,1839131,8
1839133,09:52:57,8,200,200,15000,B,1825879,8,1839131,8
1839134,09:52:57,8,1700,1700,15000,B,1829910,8,1839131,8
1839135,09:52:57,8,500,500,15000,B,1835562,8,1839131,8
1840309,09:52:58,8,1000,1000,15000,S,1840308,8,1839131,8
1841078,09:52:59,8,9800,10000,15000,S,1841077,7.99,1839131,8
1841079,09:52:59,8,100,10000,100,S,1841077,7.99,1840810,8
1841080,09:52:59,7.99,100,10000,200,S,1841077,7.99,1839457,7.99
1842183,09:53:00,8,1000,5000,1000,S,1842182,8,1841928,8
1844094,09:53:02,8,1000,5000,1000,B,1842182,8,1844093,8
1844753,09:53:03,8,3000,5000,3000,B,1842182,8,1844752,8
1846171,09:53:04,7.99,100,500,200,S,1846170,7.99,1839457,7.99
1847786,09:53:06,7.99,400,500,500,B,1846170,7.99,1847785,7.99
1851816,09:53:11,7.99,100,31300,500,S,1851815,7.98,1847785,7.99
1851817,09:53:11,7.99,200,31300,200,S,1851815,7.98,1848031,7.99
1851818,09:53:11,7.98,31000,31300,109700,S,1851815,7.98,1807994,7.98
1855423,09:53:15,8,100,1400,100,B,1845228,8,1855422,8
1855899,09:53:15,8,700,1400,700,B,1845228,8,1855898,8
1803566,09:52:21,7.98,100,5000,100,B,1802203,7.98,1803565,7.98
1803801,09:52:21,7.98,4700,5000,4700,B,1802203,7.98,1803800,7.98
1804916,09:52:22,7.98,200,5000,500,B,1802203,7.98,1804915,7.99
1804917,09:52:22,7.99,300,14000,500,B,452,7.99,1804915,7.99
1805256,09:52:23,7.99,1200,14000,1200,B,452,7.99,1805255,7.99
1806155,09:52:24,7.99,1500,14000,1500,B,452,7.99,1806154,7.99
1806262,09:52:24,7.97,1300,1300,34900,S,1806261,7.97,1782551,7.97
1861961,09:53:22,7.99,1000,5000,1000,B,1861154,7.99,1861960,7.99
1862662,09:53:23,7.99,3000,5000,3000,B,1861154,7.99,1862661,7.99
1863116,09:53:23,7.99,1000,5000,70000,B,1861154,7.99,1863115,8
1863117,09:53:23,8,600,1400,70000,B,1845228,8,1863115,8
1863118,09:53:23,8,2000,2000,70000,B,1845652,8,1863115,8
1863119,09:53:23,8,500,500,70000,B,1852805,8,1863115,8
1863120,09:53:23,8,1000,1000,70000,B,1853631,8,1863115,8
1863121,09:53:23,8,1000,1000,70000,B,1853917,8,1863115,8
1863122,09:53:23,8,1800,1800,70000,B,1853919,8,1863115,8
1863123,09:53:23,8,1500,1500,70000,B,1855340,8,1863115,8
1863124,09:53:23,8,5000,5000,70000,B,1856159,8,1863115,8
1863125,09:53:23,8,4200,4200,70000,B,1856398,8,1863115,8
1863126,09:53:23,8,1500,1500,70000,B,1858254,8,1863115,8
1863127,09:53:23,8,500,500,70000,B,1859726,8,1863115,8
1863128,09:53:23,8,3000,3000,70000,B,1859804,8,1863115,8
1863129,09:53:23,8,500,500,70000,B,1861867,8,1863115,8
1863130,09:53:23,8,1000,1000,70000,B,1862252,8,1863115,8
1863131,09:53:23,8,500,500,70000,B,1862660,8,1863115,8
1863132,09:53:23,8,3500,3500,70000,B,1862814,8,1863115,8
1863200,09:53:23,8,1000,1000,70000,S,1863199,8,1863115,8
1863310,09:53:24,8,3600,3600,70000,S,1863309,8,1863115,8
1863770,09:53:24,8,2000,2000,70000,S,1863769,8,1863115,8
1864460,09:53:25,8,1000,1000,70000,S,1864459,8,1863115,8
1865264,09:53:26,8,1500,1500,70000,S,1865263,8,1863115,8
1865635,09:53:26,8,500,500,70000,S,1865634,8,1863115,8
1866104,09:53:27,8,500,500,70000,S,1866103,8,1863115,8
1866516,09:53:27,8,100,100,70000,S,1866515,8,1863115,8
1868844,09:53:30,8,5000,5000,70000,S,1868843,8,1863115,8
1869489,09:53:31,8,10000,10000,70000,S,1869488,8,1863115,8
1869754,09:53:31,8,1000,1000,70000,S,1869753,8,1863115,8
1870626,09:53:32,8,1000,1000,70000,S,1870625,8,1863115,8
1870706,09:53:32,8,3000,3000,70000,S,1870705,8,1863115,8
1871788,09:53:33,8,500,500,70000,S,1871787,8,1863115,8
1872047,09:53:33,8,1000,1000,70000,S,1872046,8,1863115,8
1872198,09:53:34,8,9200,10000,70000,S,1872197,8,1863115,8
1872199,09:53:34,8,300,10000,300,S,1872197,8,1868254,8
1872938,09:53:34,7.99,600,2000,600,S,1872937,7.98,1863462,7.99
1872939,09:53:34,7.98,1400,2000,109700,S,1872937,7.98,1807994,7.98
1874526,09:53:37,8,500,10000,900,B,1872197,8,1874525,8
1874527,09:53:37,8,300,300,900,B,1872486,8,1874525,8
1874528,09:53:37,8,100,100,900,B,1873263,8,1874525,8
1880923,09:53:44,7.99,1300,1300,4600,S,1880922,7.99,1879643,7.99
1880944,09:53:44,7.99,3300,16800,4600,S,1880943,7.99,1879643,7.99
1886934,09:53:51,7.98,800,800,109700,S,1886933,7.98,1807994,7.98
1888309,09:53:52,7.98,5600,12000,109700,S,1888308,7.98,1807994,7.98
1888310,09:53:52,7.98,500,12000,500,S,1888308,7.98,1825932,7.98
1888311,09:53:52,7.98,300,12000,300,S,1888308,7.98,1827051,7.98
1888312,09:53:52,7.98,900,12000,900,S,1888308,7.98,1829713,7.98
1888313,09:53:52,7.98,1900,12000,1900,S,1888308,7.98,1834912,7.98
1888314,09:53:52,7.98,2100,12000,2100,S,1888308,7.98,1879540,7.98
1889175,09:53:53,7.98,100,12000,100,B,1888308,7.98,1889174,7.98
1890070,09:53:54,7.97,500,500,34900,S,1890069,7.97,1782551,7.97
1890072,09:53:54,7.97,500,500,34900,S,1890071,7.97,1782551,7.97
1890074,09:53:54,7.97,400,400,34900,S,1890073,7.97,1782551,7.97
1892643,09:53:57,7.97,500,500,34900,S,1892642,7.97,1782551,7.97
1892645,09:53:57,7.97,500,500,34900,S,1892644,7.97,1782551,7.97
1892647,09:53:57,7.97,500,500,34900,S,1892646,7.97,1782551,7.97
1892649,09:53:57,7.97,100,100,34900,S,1892648,7.97,1782551,7.97
1895420,09:54:00,7.97,100,500,100,S,1895419,7.97,1794801,7.97
1895421,09:54:00,7.97,300,500,300,S,1895419,7.97,1890183,7.97
1895422,09:54:00,7.97,100,500,300,S,1895419,7.97,1890199,7.97
1895424,09:54:00,7.97,200,500,300,S,1895423,7.97,1890199,7.97
1895425,09:54:00,7.97,200,500,200,S,1895423,7.97,1890236,7.97
1895426,09:54:00,7.97,100,500,200,S,1895423,7.97,1890237,7.97
1895428,09:54:00,7.97,100,100,200,S,1895427,7.97,1890237,7.97
1897456,09:54:02,7.97,100,400,100,B,1895580,7.97,1897455,7.97
1901855,09:54:07,7.96,5000,5000,5000,B,1900772,7.96,1901854,7.96
1907013,09:54:13,7.96,100,4100,100,B,1901443,7.96,1907012,7.96
1909675,09:54:16,7.95,300,500,300,S,1909674,7.95,1903697,7.95
1909676,09:54:16,7.95,200,500,200,S,1909674,7.95,1903709,7.95
1856922,09:53:16,7.99,100,2000,100,S,1856921,7.98,1856746,7.99
1856923,09:53:16,7.98,1900,2000,109700,S,1856921,7.98,1807994,7.98
1858386,09:53:18,7.99,1700,1700,4600,B,1857164,7.99,1858385,7.99
1860852,09:53:21,7.99,2900,4700,4600,S,1860851,7.98,1858385,7.99
1860853,09:53:21,7.98,1800,4700,109700,S,1860851,7.98,1807994,7.98
1915570,09:54:23,7.96,100,100,17200,S,1915569,7.96,1913064,7.96
1921400,09:54:30,7.97,300,400,2200,B,1895580,7.97,1921399,7.97
1921401,09:54:30,7.97,1500,1500,2200,B,1912377,7.97,1921399,7.97
1923886,09:54:33,7.97,400,2000,2200,S,1923885,7.97,1921399,7.97
1923887,09:54:33,7.97,1600,2000,3100,S,1923885,7.97,1922772,7.97
1932131,09:54:43,7.98,600,12000,50000,B,1888308,7.98,1932130,7.98
1932132,09:54:43,7.98,30000,30000,50000,B,1888678,7.98,1932130,7.98
1932133,09:54:43,7.98,12000,12000,50000,B,1891282,7.98,1932130,7.98
1932134,09:54:43,7.98,7400,16500,50000,B,1891510,7.98,1932130,7.98
1932199,09:54:43,7.97,900,900,3100,S,1932198,7.97,1922772,7.97
1932562,09:54:43,7.97,600,5000,3100,S,1932561,7.97,1922772,7.97
1932563,09:54:43,7.97,4000,5000,4000,S,1932561,7.97,1923879,7.97
1932564,09:54:43,7.97,400,5000,2000,S,1932561,7.97,1925271,7.97
1933421,09:54:44,7.97,200,200,2000,S,1933420,7.97,1925271,7.97
1934015,09:54:45,7.98,3700,16500,3700,B,1891510,7.98,1934014,7.98
1934017,09:54:45,7.98,300,16500,300,B,1891510,7.98,1934016,7.98
1934185,09:54:45,7.97,1400,3100,2000,S,1934184,7.97,1925271,7.97
1934186,09:54:45,7.97,1700,3100,3000,S,1934184,7.97,1925824,7.97
1935106,09:54:46,7.97,1200,1200,3000,S,1935105,7.97,1925824,7.97
1935418,09:54:47,7.98,1900,16500,1900,B,1891510,7.98,1935417,7.98
1936238,09:54:48,7.98,100,16500,100,B,1891510,7.98,1936237,7.98
1937372,09:54:49,7.97,100,2000,3000,S,1937371,7.97,1925824,7.97
1939091,09:54:51,7.97,300,2000,300,B,1937371,7.97,1939090,7.97
1939095,09:54:51,7.97,400,2000,400,B,1937371,7.97,1939094,7.97
1939129,09:54:51,7.97,700,2000,700,B,1937371,7.97,1939128,7.97
1939136,09:54:51,7.97,400,2000,400,B,1937371,7.97,1939135,7.97
1939291,09:54:51,7.97,100,2000,400,B,1937371,7.97,1939290,7.97
1940449,09:54:53,7.97,300,300,400,S,1940448,7.97,1939290,7.97
1943982,09:54:57,7.98,200,16500,200,B,1891510,7.98,1943981,7.98
1946279,09:55:00,7.98,2900,16500,4700,B,1891510,7.98,1946278,7.98
1946280,09:55:00,7.98,800,800,4700,B,1932432,7.98,1946278,7.98
1950527,09:55:05,7.98,1000,3000,4700,S,1950526,7.98,1946278,7.98
1950528,09:55:05,7.98,200,3000,200,S,1950526,7.98,1946407,7.98
1950529,09:55:05,7.98,1000,3000,1000,S,1950526,7.98,1946673,7.98
1950530,09:55:05,7.98,100,3000,100,S,1950526,7.98,1947301,7.98
1950531,09:55:05,7.98,700,3000,5500,S,1950526,7.98,1949923,7.98
1951306,09:55:06,7.98,3200,3200,5500,S,1951305,7.98,1949923,7.98
1953678,09:55:09,7.98,1000,1000,5500,S,1953677,7.98,1949923,7.98
1955652,09:55:11,7.98,600,60400,5500,S,1955651,7.97,1949923,7.98
1955653,09:55:11,7.97,7600,60400,7600,S,1955651,7.97,1939600,7.97
1955654,09:55:11,7.97,1000,60400,1000,S,1955651,7.97,1940152,7.97
1955655,09:55:11,7.97,1000,60400,1000,S,1955651,7.97,1942453,7.97
1955656,09:55:11,7.97,50000,60400,50000,S,1955651,7.97,1943396,7.97
1958647,09:55:15,7.97,200,60400,200,B,1955651,7.97,1958646,7.97
1911521,09:54:18,7.95,200,5000,200,S,1911520,7.95,1911317,7.95
1913065,09:54:20,7.95,4800,5000,17200,B,1911520,7.95,1913064,7.96
1913066,09:54:20,7.95,1000,1000,17200,B,1911894,7.95,1913064,7.96
1913067,09:54:20,7.96,4000,4100,17200,B,1901443,7.96,1913064,7.96
1913068,09:54:20,7.96,100,100,17200,B,1910691,7.96,1913064,7.96
1913069,09:54:20,7.96,1200,1200,17200,B,1912940,7.96,1913064,7.96
1913816,09:54:21,7.96,1000,1000,17200,S,1913815,7.96,1913064,7.96
1914476,09:54:22,7.96,5000,5000,17200,S,1914475,7.96,1913064,7.96
1975347,09:55:35,7.96,800,10000,1000,S,1975346,7.95,1928327,7.96
1975348,09:55:35,7.96,2000,10000,2000,S,1975346,7.95,1932870,7.96
1975349,09:55:35,7.96,400,10000,400,S,1975346,7.95,1957129,7.96
1975350,09:55:35,7.96,400,10000,400,S,1975346,7.95,1962838,7.96
1975351,09:55:35,7.95,6400,10000,15000,S,1975346,7.95,1917132,7.95
1976479,09:55:36,7.96,100,1000,100,S,1976478,7.96,1975652,7.96
1976480,09:55:36,7.96,100,1000,100,S,1976478,7.96,1976339,7.96
1981598,09:55:42,7.96,800,1000,2100,B,1976478,7.96,1981597,7.96
1981599,09:55:42,7.96,1100,1100,2100,B,1981536,7.96,1981597,7.96
1981955,09:55:42,7.96,200,400,2100,S,1981954,7.96,1981597,7.96
1983094,09:55:44,7.96,100,400,100,B,1981954,7.96,1983093,7.96
1984470,09:55:45,7.96,100,400,13500,B,1981954,7.96,1984469,7.96
1990884,09:55:53,7.97,400,400,36700,B,1964400,7.97,1990883,7.97
1990885,09:55:53,7.97,5000,5000,36700,B,1965045,7.97,1990883,7.97
1990886,09:55:53,7.97,5000,5000,36700,B,1969319,7.97,1990883,7.97
1990887,09:55:53,7.97,100,100,36700,B,1975743,7.97,1990883,7.97
1993779,09:55:56,7.97,600,600,36700,S,1993778,7.97,1990883,7.97
1996922,09:56:00,7.98,200,5000,200,B,1961421,7.98,1996921,7.98
1996927,09:56:00,7.98,400,5000,400,B,1961421,7.98,1996926,7.98
1996934,09:56:00,7.98,300,5000,300,B,1961421,7.98,1996933,7.98
1998872,09:56:02,7.98,100,5000,100,B,1961421,7.98,1998871,7.98
1999225,09:56:03,7.97,20000,20000,36700,S,1999224,7.97,1990883,7.97
1999612,09:56:03,7.98,300,5000,300,B,1961421,7.98,1999611,7.98
2006561,09:56:11,7.98,2400,5000,2400,B,1961421,7.98,2006560,7.98
2006719,09:56:11,7.98,300,5000,300,B,1961421,7.98,2006718,7.98
2006885,09:56:11,7.97,600,600,36700,S,2006884,7.97,1990883,7.97
2008220,09:56:13,7.98,100,5000,100,B,1961421,7.98,2008219,7.98
2008841,09:56:13,7.97,5000,5000,36700,S,2008840,7.97,1990883,7.97
2009987,09:56:15,7.98,900,5000,18500,B,1961421,7.98,2009986,7.98
2009988,09:56:15,7.98,200,200,18500,B,1967589,7.98,2009986,7.98
2009989,09:56:15,7.98,1200,1200,18500,B,1969639,7.98,2009986,7.98
2012440,09:56:18,7.98,500,500,18500,S,2012439,7.98,2009986,7.98
2016308,09:56:23,7.98,500,500,18500,S,2016307,7.98,2009986,7.98
2016339,09:56:23,7.99,200,16800,200,B,1880943,7.99,2016338,7.99
2016697,09:56:23,7.98,600,600,18500,S,2016696,7.98,2009986,7.98
2017669,09:56:24,7.98,200,200,18500,S,2017668,7.98,2009986,7.98
2017846,09:56:25,7.98,200,200,18500,S,2017845,7.98,2009986,7.98
1967681,09:55:26,7.96,200,200,1000,S,1967680,7.96,1928327,7.96
2024902,09:56:33,7.99,6800,16800,6800,B,1880943,7.99,2024901,7.99
2026323,09:56:35,7.98,500,500,18500,S,2026322,7.98,2009986,7.98
2026578,09:56:35,7.99,300,16800,300,B,1880943,7.99,2026577,7.99
2033506,09:56:43,7.99,1000,16800,1000,B,1880943,7.99,2033505,7.99
2036070,09:56:46,7.98,2000,2000,18500,S,2036069,7.98,2009986,7.98
2037340,09:56:48,7.99,2200,16800,2200,B,1880943,7.99,2037339,7.99
2037865,09:56:49,7.98,100,100,18500,S,2037864,7.98,2009986,7.98
2046798,09:56:59,7.98,700,700,18500,S,2046797,7.98,2009986,7.98
2051203,09:57:04,7.98,200,200,18500,S,2051202,7.98,2009986,7.98
2051699,09:57:05,7.99,3000,16800,21100,B,1880943,7.99,2051698,7.99
2051700,09:57:05,7.99,500,500,21100,B,1904214,7.99,2051698,7.99
2051701,09:57:05,7.99,1000,1000,21100,B,1966008,7.99,2051698,7.99
2051702,09:57:05,7.99,2000,2000,21100,B,2005855,7.99,2051698,7.99
2051703,09:57:05,7.99,1000,1000,21100,B,2017778,7.99,2051698,7.99
2051704,09:57:05,7.99,3500,3500,21100,B,2020752,7.99,2051698,7.99
2051705,09:57:05,7.99,2600,2600,21100,B,2025483,7.99,2051698,7.99
2051706,09:57:05,7.99,2600,2600,21100,B,2034475,7.99,2051698,7.99
2051707,09:57:05,7.99,200,200,21100,B,2043136,7.99,2051698,7.99
2051708,09:57:05,7.99,300,300,21100,B,2043200,7.99,2051698,7.99
2051709,09:57:05,7.99,500,500,21100,B,2049164,7.99,2051698,7.99
2052239,09:57:06,7.99,1600,1600,21100,S,2052238,7.99,2051698,7.99
2054444,09:57:08,7.99,2100,2100,21100,S,2054443,7.99,2051698,7.99
2055138,09:57:09,7.99,200,20000,21100,S,2055137,7.98,2051698,7.99
2055139,09:57:09,7.98,10400,20000,18500,S,2055137,7.98,2009986,7.98
2055140,09:57:09,7.98,9400,20000,10000,S,2055137,7.98,2022146,7.98
2057044,09:57:12,7.99,100,500,100,S,2057043,7.99,2055313,7.99
2057045,09:57:12,7.99,100,500,100,S,2057043,7.99,2055345,7.99
2060404,09:57:15,7.99,300,500,300,B,2057043,7.99,2060403,7.99
2060569,09:57:16,7.99,1600,2000,1600,B,2058941,7.99,2060568,7.99
2061351,09:57:17,7.99,100,2000,100,B,2058941,7.99,2061350,7.99
2061878,09:57:17,7.99,200,2000,200,B,2058941,7.99,2061877,7.99
2020384,09:56:28,7.98,300,300,18500,S,2020383,7.98,2009986,7.98
2077882,09:57:37,7.99,1200,1300,2000,B,2069247,7.99,2077881,7.99
2077883,09:57:37,7.99,500,500,2000,B,2071356,7.99,2077881,7.99
2077884,09:57:37,7.99,300,500,2000,B,2073320,7.99,2077881,7.99
2078618,09:57:38,7.99,200,500,500,B,2073320,7.99,2078617,7.99
2078619,09:57:38,7.99,300,1100,500,B,2074139,7.99,2078617,7.99
2081021,09:57:41,7.99,800,1100,800,B,2074139,7.99,2081020,7.99
2087820,09:57:50,7.98,600,1500,10000,S,2087819,7.98,2022146,7.98
2087821,09:57:50,7.98,900,1500,900,S,2087819,7.98,2079333,7.98
2093349,09:57:56,7.98,1000,4000,1000,B,2089952,7.98,2093348,7.98
2093491,09:57:56,7.97,200,7000,200,S,2093490,7.97,2003525,7.97
2093492,09:57:56,7.97,1000,7000,1000,S,2093490,7.97,2050647,7.97
2093493,09:57:56,7.97,700,7000,700,S,2093490,7.97,2061964,7.97
2093494,09:57:56,7.97,100,7000,100,S,2093490,7.97,2089338,7.97
2094183,09:57:57,7.97,500,7000,500,B,2093490,7.97,2094182,7.97
2094264,09:57:57,7.97,600,7000,600,B,2093490,7.97,2094263,7.97
2094268,09:57:57,7.97,300,7000,300,B,2093490,7.97,2094267,7.97
2095081,09:57:58,7.97,2000,7000,2000,B,2093490,7.97,2095080,7.97
2096505,09:58:00,7.97,400,7000,400,B,2093490,7.97,2096504,7.97
2096572,09:58:00,7.97,200,7000,200,B,2093490,7.97,2096571,7.97
2096733,09:58:00,7.97,200,7000,200,B,2093490,7.97,2096732,7.97
2107000,09:58:13,7.97,100,7000,100,B,2093490,7.97,2106999,7.97
2112223,09:58:20,7.97,100,7000,100,B,2093490,7.97,2112222,7.97
2115325,09:58:23,7.97,600,7000,6700,B,2093490,7.97,2115324,7.97
2115326,09:58:23,7.97,6000,6000,6700,B,2100226,7.97,2115324,7.97
2115327,09:58:23,7.97,100,800,6700,B,2110959,7.97,2115324,7.97
2115888,09:58:24,7.96,1000,1000,13500,S,2115887,7.96,1984469,7.96
2071988,09:57:30,7.99,100,2000,3500,B,2058941,7.99,2071987,7.99
2071989,09:57:30,7.99,3000,3000,3500,B,2064482,7.99,2071987,7.99
2071990,09:57:30,7.99,300,300,3500,B,2066238,7.99,2071987,7.99
2071991,09:57:30,7.99,100,1300,3500,B,2069247,7.99,2071987,7.99
2133779,09:58:46,7.96,300,300,400,S,2133778,7.96,1988002,7.96
2139687,09:58:54,7.96,100,12300,400,S,2139686,7.96,1988002,7.96
2139688,09:58:54,7.96,100,12300,100,S,2139686,7.96,1991000,7.96
2139689,09:58:54,7.96,200,12300,200,S,2139686,7.96,2010812,7.96
2139690,09:58:54,7.96,200,12300,200,S,2139686,7.96,2094209,7.96
2139691,09:58:54,7.96,100,12300,100,S,2139686,7.96,2094399,7.96
2139692,09:58:54,7.96,200,12300,200,S,2139686,7.96,2097028,7.96
2139693,09:58:54,7.96,600,12300,600,S,2139686,7.96,2097655,7.96
2139694,09:58:54,7.96,800,12300,800,S,2139686,7.96,2109540,7.96
2139695,09:58:54,7.96,100,12300,100,S,2139686,7.96,2138163,7.96
2142692,09:58:57,7.96,400,12300,400,B,2139686,7.96,2142691,7.96
2146069,09:59:01,7.96,2000,12300,2000,B,2139686,7.96,2146068,7.96
2157531,09:59:15,7.96,2000,12300,2000,B,2139686,7.96,2157530,7.96
2163153,09:59:21,7.96,100,12300,100,B,2139686,7.96,2163152,7.96
2172696,09:59:33,7.96,1000,12300,1000,B,2139686,7.96,2172695,7.96
2173340,09:59:34,7.95,8600,20000,15000,S,2173339,7.95,1917132,7.95
2173341,09:59:34,7.95,200,20000,200,S,2173339,7.95,1979213,7.95
2173342,09:59:34,7.95,300,20000,300,S,2173339,7.95,1979405,7.95
2173343,09:59:34,7.95,100,20000,100,S,2173339,7.95,1980536,7.95
2173344,09:59:34,7.95,10800,20000,50000,S,2173339,7.95,1988796,7.95
2123365,09:58:33,7.97,200,800,200,B,2110959,7.97,2123364,7.97
2123393,09:58:33,7.97,200,800,200,B,2110959,7.97,2123392,7.97
2123424,09:58:33,7.97,300,800,5000,B,2110959,7.97,2123423,7.97
2123425,09:58:33,7.97,2000,2000,5000,B,2120756,7.97,2123423,7.97
2126378,09:58:37,7.97,2700,15100,5000,S,2126377,7.96,2123423,7.97
2126379,09:58:37,7.96,12400,15100,13500,S,2126377,7.96,1984469,7.96
2181320,09:59:43,7.95,300,300,50000,S,2181319,7.95,1988796,7.95
2184509,09:59:47,7.95,2000,2000,50000,S,2184508,7.95,1988796,7.95
2187571,09:59:51,7.95,200,200,50000,S,2187570,7.95,1988796,7.95
2191801,09:59:56,7.95,1000,1000,50000,S,2191800,7.95,1988796,7.95
2197061,10:00:02,7.95,200,200,50000,S,2197060,7.95,1988796,7.95
2208172,10:00:15,7.95,1000,1000,50000,S,2208171,7.95,1988796,7.95
2210006,10:00:17,7.95,500,500,50000,S,2210005,7.95,1988796,7.95
2212577,10:00:21,7.95,500,500,50000,S,2212576,7.95,1988796,7.95
2215215,10:00:23,7.96,100,12300,100,B,2139686,7.96,2215214,7.96
2215703,10:00:24,7.95,2000,2000,50000,S,2215702,7.95,1988796,7.95
2178141,09:59:40,7.96,400,12300,400,B,2139686,7.96,2178140,7.96
2245245,10:00:59,7.96,1000,12300,1000,B,2139686,7.96,2245244,7.96
2247002,10:01:01,7.95,1500,1500,50000,S,2247001,7.95,1988796,7.95
2247271,10:01:01,7.95,100,100,50000,S,2247270,7.95,1988796,7.95
2248363,10:01:03,7.95,3500,3500,50000,S,2248362,7.95,1988796,7.95
2248761,10:01:03,7.96,2900,12300,3100,B,2139686,7.96,2248760,7.96
2248762,10:01:03,7.96,200,2000,3100,B,2150225,7.96,2248760,7.96
2250957,10:01:06,7.96,1800,2000,7400,B,2150225,7.96,2250956,7.96
2250958,10:01:06,7.96,2300,2300,7400,B,2166934,7.96,2250956,7.96
2250959,10:01:06,7.96,1300,1300,7400,B,2167434,7.96,2250956,7.96
2250960,10:01:06,7.96,2000,2400,7400,B,2194991,7.96,2250956,7.96
2255942,10:01:12,7.96,400,2400,1800,B,2194991,7.96,2255941,7.96
2256536,10:01:12,7.96,1400,27700,1800,S,2256535,7.96,2255941,7.96
2257101,10:01:13,7.95,6400,44600,50000,S,2257100,7.95,1988796,7.95
2257102,10:01:13,7.95,2400,44600,2400,S,2257100,7.95,2056972,7.95
2257103,10:01:13,7.95,100,44600,100,S,2257100,7.95,2176158,7.95
2257104,10:01:13,7.95,200,44600,200,S,2257100,7.95,2184436,7.95
2257105,10:01:13,7.95,100,44600,100,S,2257100,7.95,2188101,7.95
2257106,10:01:13,7.95,2000,44600,2000,S,2257100,7.95,2197260,7.95
2257107,10:01:13,7.95,100,44600,100,S,2257100,7.95,2207688,7.95
2257108,10:01:13,7.95,100,44600,100,S,2257100,7.95,2215988,7.95
2257109,10:01:13,7.95,3500,44600,3500,S,2257100,7.95,2221813,7.95
2257110,10:01:13,7.95,500,44600,500,S,2257100,7.95,2247697,7.95
2257111,10:01:13,7.95,100,44600,100,S,2257100,7.95,2256335,7.95
2262850,10:01:19,7.95,600,44600,600,B,2257100,7.95,2262849,7.95
2274437,10:01:31,7.95,100,44600,100,B,2257100,7.95,2274436,7.95
2276841,10:01:33,7.95,300,44600,300,B,2257100,7.95,2276840,7.95
2277372,10:01:34,7.95,200,44600,200,B,2257100,7.95,2277371,7.95
2230814,10:00:42,7.95,20000,20000,50000,S,2230813,7.95,1988796,7.95
2289340,10:01:46,7.95,4700,44600,4700,B,2257100,7.95,2289339,7.95
2290115,10:01:47,7.95,23200,44600,50000,B,2257100,7.95,2290114,7.95
2290123,10:01:47,7.96,14200,27700,14200,B,2256535,7.96,2290122,7.96
2292090,10:01:49,7.96,3100,27700,3100,B,2256535,7.96,2292089,7.96
2293043,10:01:50,7.96,1300,27700,1300,B,2256535,7.96,2293042,7.96
2293581,10:01:51,7.96,1400,27700,1400,B,2256535,7.96,2293580,7.96
2294097,10:01:51,7.96,3300,27700,3300,B,2256535,7.96,2294096,7.96
2294365,10:01:51,7.96,3000,27700,6300,B,2256535,7.96,2294364,7.96
2294366,10:01:51,7.96,1500,1500,6300,B,2257810,7.96,2294364,7.96
2297942,10:01:55,7.96,1800,3000,6300,S,2297941,7.96,2294364,7.96
2297943,10:01:55,7.96,1200,3000,26300,S,2297941,7.96,2294469,7.96
2312124,10:02:10,7.97,1100,5000,1100,B,2135690,7.97,2312123,7.97
2315621,10:02:14,7.96,2000,2000,26300,S,2315620,7.96,2294469,7.96
2325008,10:02:25,7.97,1100,5000,1100,B,2135690,7.97,2325007,7.97
2341684,10:02:45,7.97,1200,5000,1200,B,2135690,7.97,2341683,7.97
2344912,10:02:49,7.97,1000,5000,5400,B,2135690,7.97,2344911,7.97
2344913,10:02:49,7.97,1000,1000,5400,B,2140892,7.97,2344911,7.97
2344914,10:02:49,7.97,2000,2000,5400,B,2242417,7.97,2344911,7.97
2344915,10:02:49,7.97,1400,1400,5400,B,2253251,7.97,2344911,7.97
2345357,10:02:50,7.96,800,800,26300,S,2345356,7.96,2294469,7.96
2362733,10:03:12,7.96,4600,4600,26300,S,2362732,7.96,2294469,7.96
2365138,10:03:15,7.97,600,3600,600,B,2347433,7.97,2365137,7.97
2375745,10:03:29,7.97,500,3600,500,B,2347433,7.97,2375744,7.97
2381718,10:03:37,7.97,400,3600,400,B,2347433,7.97,2381717,7.97
2386694,10:03:44,7.97,100,3600,100,B,2347433,7.97,2386693,7.97
2388707,10:03:46,7.97,1500,3600,1500,B,2347433,7.97,2388706,7.97
2389482,10:03:47,7.97,500,3600,500,B,2347433,7.97,2389481,7.97
2337845,10:02:41,7.97,100,5000,100,B,2135690,7.97,2337844,7.97
2338085,10:02:41,7.96,10000,10000,26300,S,2338084,7.96,2294469,7.96
2338574,10:02:42,7.97,500,5000,500,B,2135690,7.97,2338573,7.97
2394703,10:03:55,7.97,5000,19400,5000,B,2355419,7.97,2394702,7.97
2395201,10:03:56,7.96,2700,12700,26300,S,2395200,7.96,2294469,7.96
2395202,10:03:56,7.96,100,12700,100,S,2395200,7.96,2294735,7.96
2395203,10:03:56,7.96,1000,12700,1000,S,2395200,7.96,2296699,7.96
2395204,10:03:56,7.96,100,12700,100,S,2395200,7.96,2298216,7.96
2395205,10:03:56,7.96,1900,12700,1900,S,2395200,7.96,2300903,7.96
2395206,10:03:56,7.96,100,12700,100,S,2395200,7.96,2303344,7.96
2395207,10:03:56,7.96,100,12700,100,S,2395200,7.96,2323916,7.96
2395208,10:03:56,7.96,100,12700,100,S,2395200,7.96,2324811,7.96
2395209,10:03:56,7.96,200,12700,200,S,2395200,7.96,2324822,7.96
2395210,10:03:56,7.96,100,12700,100,S,2395200,7.96,2326517,7.96
2395211,10:03:56,7.96,100,12700,100,S,2395200,7.96,2350791,7.96
2395212,10:03:56,7.96,200,12700,200,S,2395200,7.96,2351725,7.96
2395213,10:03:56,7.96,1700,12700,1700,S,2395200,7.96,2380908,7.96
2395214,10:03:56,7.96,600,12700,600,S,2395200,7.96,2381719,7.96
2395215,10:03:56,7.96,100,12700,100,S,2395200,7.96,2388126,7.96
2395216,10:03:56,7.96,100,12700,100,S,2395200,7.96,2388130,7.96
2397329,10:03:59,7.96,3000,12700,3000,B,2395200,7.96,2397328,7.96
2398262,10:04:00,7.96,500,12700,1400,B,2395200,7.96,2398261,7.96
2398263,10:04:00,7.96,500,500,1400,B,2396034,7.96,2398261,7.96
2401578,10:04:04,7.96,400,6000,1400,S,2401577,7.96,2398261,7.96
2401579,10:04:04,7.96,1500,6000,1500,S,2401577,7.96,2398296,7.96
2401580,10:04:04,7.96,1400,6000,1400,S,2401577,7.96,2398305,7.96
2401581,10:04:04,7.96,600,6000,600,S,2401577,7.96,2399524,7.96
2401582,10:04:04,7.96,500,6000,500,S,2401577,7.96,2400570,7.96
2404756,10:04:09,7.96,1500,6000,1500,B,2401577,7.96,2404755,7.96
2405608,10:04:10,7.96,100,6000,4000,B,2401577,7.96,2405607,7.96
2405609,10:04:10,7.96,1000,1000,4000,B,2402174,7.96,2405607,7.96
2406460,10:04:11,7.96,200,200,4000,S,2406459,7.96,2405607,7.96
2406610,10:04:11,7.97,10000,19400,10000,B,2355419,7.97,2406609,7.97
2408214,10:04:13,7.97,1200,19400,1200,B,2355419,7.97,2408213,7.97
2413170,10:04:20,7.97,3200,19400,3200,B,2355419,7.97,2413169,7.97
2413173,10:04:20,7.98,600,4000,600,B,2089952,7.98,2413172,7.98
2421756,10:04:33,7.98,2400,4000,6500,B,2089952,7.98,2421755,7.98
2421757,10:04:33,7.98,1500,1500,6500,B,2092903,7.98,2421755,7.98
2421758,10:04:33,7.98,500,500,6500,B,2101682,7.98,2421755,7.98
2421759,10:04:33,7.98,1000,1000,6500,B,2105362,7.98,2421755,7.98
2421760,10:04:33,7.98,1000,1000,6500,B,2109389,7.98,2421755,7.98
2421761,10:04:33,7.98,100,1000,6500,B,2111523,7.98,2421755,7.98
2425616,10:04:38,7.98,900,1000,5000,B,2111523,7.98,2425615,7.98
2425617,10:04:38,7.98,200,200,5000,B,2123786,7.98,2425615,7.98
2425618,10:04:38,7.98,1200,1200,5000,B,2170964,7.98,2425615,7.98
2425619,10:04:38,7.98,500,500,5000,B,2177097,7.98,2425615,7.98
2425620,10:04:38,7.98,2200,5000,5000,B,2353972,7.98,2425615,7.98
2427513,10:04:41,7.98,600,5000,600,B,2353972,7.98,2427512,7.98
2429997,10:04:45,7.98,100,5000,100,B,2353972,7.98,2429996,7.98
2432185,10:04:48,7.98,1700,5000,1700,B,2353972,7.98,2432184,7.98
2389775,10:03:48,7.96,5000,5000,26300,S,2389774,7.96,2294469,7.96
2453946,10:05:19,7.97,400,3000,400,S,2453945,7.97,2418066,7.97
2453947,10:05:19,7.97,100,3000,100,S,2453945,7.97,2426205,7.97
2453948,10:05:19,7.97,500,3000,500,S,2453945,7.97,2427903,7.97
2453949,10:05:19,7.97,200,3000,200,S,2453945,7.97,2431889,7.97
2453950,10:05:19,7.97,500,3000,500,S,2453945,7.97,2432312,7.97
2453951,10:05:19,7.97,1300,3000,2400,S,2453945,7.97,2433173,7.97
2460715,10:05:29,7.98,400,5000,1500,B,2353972,7.98,2460714,7.98
2460716,10:05:29,7.98,1100,2000,1500,B,2357420,7.98,2460714,7.98
2465653,10:05:36,7.97,1100,10000,2400,S,2465652,7.97,2433173,7.97
2465654,10:05:36,7.97,4000,10000,4000,S,2465652,7.97,2435854,7.97
2465655,10:05:36,7.97,4900,10000,10000,S,2465652,7.97,2441472,7.97
2466204,10:05:37,7.98,300,2000,300,B,2357420,7.98,2466203,7.98
2466460,10:05:38,7.98,300,2000,300,B,2357420,7.98,2466459,7.98
2467330,10:05:39,7.97,200,200,10000,S,2467329,7.97,2441472,7.97
2472772,10:05:47,7.98,300,2000,300,B,2357420,7.98,2472771,7.98
2474021,10:05:49,7.98,500,5000,500,B,2374894,7.98,2474020,7.98
2475205,10:05:50,7.97,4900,9600,10000,S,2475204,7.97,2441472,7.97
2475206,10:05:50,7.97,500,9600,500,S,2475204,7.97,2455336,7.97
2475207,10:05:50,7.97,100,9600,100,S,2475204,7.97,2473653,7.97
2477341,10:05:53,7.97,300,9600,300,B,2475204,7.97,2477340,7.97
2478114,10:05:54,7.97,300,9600,300,B,2475204,7.97,2478113,7.97
2479456,10:05:56,7.97,100,9600,100,B,2475204,7.97,2479455,7.97
2481645,10:05:59,7.97,2000,9600,2000,B,2475204,7.97,2481644,7.97
2482327,10:06:00,7.97,1400,9600,4400,B,2475204,7.97,2482326,7.97
2482328,10:06:00,7.97,3000,3000,4400,B,2480305,7.97,2482326,7.97
2484689,10:06:03,7.97,200,7200,200,B,2483986,7.97,2484688,7.97
2489077,10:06:10,7.97,2000,7200,2000,B,2483986,7.97,2489076,7.97
2513103,10:06:45,7.96,2700,7500,4000,S,2513102,7.96,2405607,7.96
2513104,10:06:45,7.96,1000,7500,1000,S,2513102,7.96,2409534,7.96
2513105,10:06:45,7.96,1000,7500,1000,S,2513102,7.96,2431730,7.96
2513106,10:06:45,7.96,2800,7500,6000,S,2513102,7.96,2447520,7.96
2520014,10:06:55,7.96,1000,1000,6000,S,2520013,7.96,2447520,7.96
2521866,10:06:58,7.97,800,7200,800,B,2483986,7.97,2521865,7.97
2522739,10:06:59,7.97,100,7200,100,B,2483986,7.97,2522738,7.97
2522878,10:06:59,7.97,3200,7200,3200,B,2483986,7.97,2522877,7.97
2522928,10:07:00,7.96,2000,2000,6000,S,2522927,7.96,2447520,7.96
2534457,10:07:17,7.97,900,7200,4100,B,2483986,7.97,2534456,7.97
2534458,10:07:17,7.97,3200,5000,4100,B,2490810,7.97,2534456,7.97
2553422,10:07:47,7.97,1800,5000,3300,B,2490810,7.97,2553421,7.97
2553423,10:07:47,7.97,500,500,3300,B,2496354,7.97,2553421,7.97
2553424,10:07:47,7.97,1000,5600,3300,B,2505138,7.97,2553421,7.97
2561247,10:07:59,7.97,100,5600,100,B,2505138,7.97,2561246,7.97
2570426,10:08:12,7.96,200,2100,6000,S,2570425,7.96,2447520,7.96
2570427,10:08:12,7.96,300,2100,300,S,2570425,7.96,2480433,7.96
2570428,10:08:12,7.96,300,2100,300,S,2570425,7.96,2480739,7.96
2570429,10:08:12,7.96,1000,2100,1000,S,2570425,7.96,2481532,7.96
2570430,10:08:12,7.96,100,2100,100,S,2570425,7.96,2484504,7.96
2570431,10:08:12,7.96,200,2100,2000,S,2570425,7.96,2489098,7.96
2584792,10:08:34,7.97,2000,5600,2000,B,2505138,7.97,2584791,7.97
2593160,10:08:48,7.97,500,5600,500,B,2505138,7.97,2593159,7.97
2593261,10:08:48,7.96,1000,1000,2000,S,2593260,7.96,2489098,7.96
2598679,10:08:57,7.96,800,5000,2000,S,2598678,7.96,2489098,7.96
2598680,10:08:57,7.96,100,5000,100,S,2598678,7.96,2503438,7.96
2598681,10:08:57,7.96,200,5000,200,S,2598678,7.96,2518086,7.96
2598682,10:08:57,7.96,100,5000,100,S,2598678,7.96,2527195,7.96
2598683,10:08:57,7.96,100,5000,100,S,2598678,7.96,2529217,7.96
2598684,10:08:57,7.96,1000,5000,1000,S,2598678,7.96,2535020,7.96
2598685,10:08:57,7.96,1000,5000,1000,S,2598678,7.96,2543139,7.96
2598686,10:08:57,7.96,100,5000,100,S,2598678,7.96,2544611,7.96
2598687,10:08:57,7.96,500,5000,500,S,2598678,7.96,2554041,7.96
2598688,10:08:57,7.96,1100,5000,2000,S,2598678,7.96,2561257,7.96
2602690,10:09:03,7.97,1000,5600,1000,B,2505138,7.97,2602689,7.97
2604174,10:09:05,7.97,100,5600,100,B,2505138,7.97,2604173,7.97
2604197,10:09:05,7.96,900,5000,2000,S,2604196,7.96,2561257,7.96
2604198,10:09:05,7.96,200,5000,200,S,2604196,7.96,2564366,7.96
2604199,10:09:05,7.96,100,5000,100,S,2604196,7.96,2573310,7.96
2604200,10:09:05,7.96,200,5000,200,S,2604196,7.96,2592880,7.96
2604201,10:09:05,7.96,1500,5000,1500,S,2604196,7.96,2598918,7.96
2604202,10:09:05,7.96,100,5000,100,S,2604196,7.96,2599120,7.96
2619113,10:09:30,7.95,100,100,50000,S,2619112,7.95,2290114,7.95
2626521,10:09:42,7.95,5000,5000,50000,S,2626520,7.95,2290114,7.95
2632116,10:09:52,7.95,15100,15100,50000,S,2632115,7.95,2290114,7.95
2634668,10:09:56,7.95,500,500,50000,S,2634667,7.95,2290114,7.95
2638024,10:10:02,7.95,1000,1000,50000,S,2638023,7.95,2290114,7.95
2643605,10:10:11,7.96,200,5000,200,B,2604196,7.96,2643604,7.96
2644033,10:10:12,7.95,200,200,50000,S,2644032,7.95,2290114,7.95
2644456,10:10:12,7.95,1100,1100,50000,S,2644455,7.95,2290114,7.95
2644776,10:10:13,7.95,3800,12600,50000,S,2644775,7.95,2290114,7.95
2644777,10:10:13,7.95,400,12600,400,S,2644775,7.95,2406314,7.95
2644778,10:10:13,7.95,400,12600,400,S,2644775,7.95,2420517,7.95
2644779,10:10:13,7.95,1500,12600,1500,S,2644775,7.95,2525694,7.95
2644780,10:10:13,7.95,5700,12600,5700,S,2644775,7.95,2549173,7.95
2644781,10:10:13,7.95,100,12600,100,S,2644775,7.95,2555927,7.95
2644782,10:10:13,7.95,200,12600,200,S,2644775,7.95,2603991,7.95
2644783,10:10:13,7.95,100,12600,100,S,2644775,7.95,2635426,7.95
2645982,10:10:15,7.95,300,12600,300,B,2644775,7.95,2645981,7.95
2647745,10:10:18,7.95,100,12600,100,B,2644775,7.95,2647744,7.95
2650930,10:10:23,7.96,1000,5000,1000,B,2604196,7.96,2650929,7.96
2658097,10:10:35,7.96,100,5000,100,B,2604196,7.96,2658096,7.96
2658695,10:10:36,7.96,700,5000,4400,B,2604196,7.96,2658694,7.96
2658696,10:10:36,7.96,1000,1000,4400,B,2653741,7.96,2658694,7.96
2658697,10:10:36,7.96,2500,2500,4400,B,2653886,7.96,2658694,7.96
2677345,10:11:08,7.96,200,400,4400,S,2677344,7.96,2658694,7.96
2677346,10:11:08,7.96,200,400,3200,S,2677344,7.96,2659454,7.96
2679312,10:11:11,7.96,1000,1000,3200,S,2679311,7.96,2659454,7.96
2680750,10:11:13,7.97,100,5600,100,B,2505138,7.97,2680749,7.97
2685046,10:11:20,7.97,500,5600,500,B,2505138,7.97,2685045,7.97
2708912,10:11:58,7.97,300,5600,5000,B,2505138,7.97,2708911,7.97
2708913,10:11:58,7.97,4700,6000,5000,B,2505221,7.97,2708911,7.97
2718350,10:12:13,7.97,1300,6000,2400,B,2505221,7.97,2718349,7.97
2718351,10:12:13,7.97,1100,15100,2400,B,2540384,7.97,2718349,7.97
2721538,10:12:18,7.97,100,15100,100,B,2540384,7.97,2721537,7.97
2722548,10:12:20,7.96,2000,9500,3200,S,2722547,7.96,2659454,7.96
2722549,10:12:20,7.96,300,9500,300,S,2722547,7.96,2661201,7.96
2722550,10:12:20,7.96,100,9500,100,S,2722547,7.96,2662282,7.96
2722551,10:12:20,7.96,300,9500,300,S,2722547,7.96,2663009,7.96
2722552,10:12:20,7.96,100,9500,100,S,2722547,7.96,2664398,7.96
2722553,10:12:20,7.96,200,9500,200,S,2722547,7.96,2670581,7.96
2722554,10:12:20,7.96,300,9500,300,S,2722547,7.96,2673304,7.96
2722555,10:12:20,7.96,100,9500,100,S,2722547,7.96,2693097,7.96
2722556,10:12:20,7.96,300,9500,300,S,2722547,7.96,2715461,7.96
2722557,10:12:20,7.96,100,9500,100,S,2722547,7.96,2716846,7.96
2723216,10:12:21,7.96,1600,9500,1600,B,2722547,7.96,2723215,7.96
2723221,10:12:21,7.96,2000,9500,2000,B,2722547,7.96,2723220,7.96
2723256,10:12:21,7.96,2000,9500,2000,B,2722547,7.96,2723255,7.96
2723261,10:12:21,7.96,100,9500,2100,B,2722547,7.96,2723260,7.96
2723639,10:12:22,7.97,13900,15100,53800,B,2540384,7.97,2723638,7.97
2723640,10:12:22,7.97,2000,2000,53800,B,2563595,7.97,2723638,7.97
2723641,10:12:22,7.97,4300,4300,53800,B,2611485,7.97,2723638,7.97
2723642,10:12:22,7.97,300,300,53800,B,2611804,7.97,2723638,7.97
2723643,10:12:22,7.97,700,700,53800,B,2662990,7.97,2723638,7.97
2723644,10:12:22,7.97,400,400,53800,B,2688309,7.97,2723638,7.97
2723645,10:12:22,7.97,300,300,53800,B,2720989,7.97,2723638,7.97
2726211,10:12:26,7.97,5000,5000,53800,S,2726210,7.97,2723638,7.97
2733074,10:12:36,7.97,10000,10000,53800,S,2733073,7.97,2723638,7.97
2733378,10:12:37,7.97,300,300,53800,S,2733377,7.97,2723638,7.97
2741996,10:12:50,7.97,3600,3600,53800,S,2741995,7.97,2723638,7.97
2752704,10:13:08,7.97,13000,13000,53800,S,2752703,7.97,2723638,7.97
2753033,10:13:09,7.97,200,10000,200,S,2753032,7.97,2745949,7.97
2764165,10:13:28,7.97,100,10000,100,B,2753032,7.97,2764164,7.97
2787667,10:14:08,7.97,1000,10000,1000,B,2753032,7.97,2787666,7.97
2789738,10:14:11,7.96,2000,5300,2100,S,2789737,7.96,2723260,7.96
2789739,10:14:11,7.96,600,5300,600,S,2789737,7.96,2723368,7.96
2789740,10:14:11,7.96,100,5300,100,S,2789737,7.96,2765681,7.96
2789741,10:14:11,7.96,300,5300,300,S,2789737,7.96,2765734,7.96
2789742,10:14:11,7.96,200,5300,200,S,2789737,7.96,2773046,7.96
2789743,10:14:11,7.96,200,5300,200,S,2789737,7.96,2781950,7.96
2789744,10:14:11,7.96,1900,5300,10000,S,2789737,7.96,2787589,7.96
2796014,10:14:22,7.96,2400,2400,10000,S,2796013,7.96,2787589,7.96
2800697,10:14:29,7.97,100,10000,100,B,2753032,7.97,2800696,7.97
2802301,10:14:32,7.97,4700,10000,4700,B,2753032,7.97,2802300,7.97
2802815,10:14:32,7.97,3900,10000,7300,B,2753032,7.97,2802814,7.97
2802816,10:14:32,7.97,2000,2000,7300,B,2793507,7.97,2802814,7.97
2802817,10:14:32,7.97,1400,2500,7300,B,2801456,7.97,2802814,7.97
2803636,10:14:34,7.97,300,2500,300,B,2801456,7.97,2803635,7.97
2805065,10:14:36,7.97,800,2500,10700,B,2801456,7.97,2805064,7.98
2805066,10:14:36,7.98,4500,5000,10700,B,2374894,7.98,2805064,7.98
2805067,10:14:36,7.98,4000,4000,10700,B,2430017,7.98,2805064,7.98
2805068,10:14:36,7.98,1400,1500,10700,B,2433016,7.98,2805064,7.98
2807146,10:14:40,7.96,500,500,10000,S,2807145,7.96,2787589,7.96
2834071,10:15:21,7.97,5000,5000,5300,B,2818611,7.97,2834070,7.97
2834072,10:15:21,7.97,300,500,5300,B,2828022,7.97,2834070,7.97
2836056,10:15:24,7.97,200,500,600,B,2828022,7.97,2836055,7.97
2840489,10:15:31,7.97,400,10000,600,S,2840488,7.97,2836055,7.97
2840490,10:15:31,7.97,600,10000,600,S,2840488,7.97,2836091,7.97
2840491,10:15:31,7.97,600,10000,600,S,2840488,7.97,2836113,7.97
2840492,10:15:31,7.97,100,10000,100,S,2840488,7.97,2840267,7.97
2843475,10:15:36,7.97,100,10000,100,B,2840488,7.97,2843474,7.97
2865333,10:16:11,7.97,8200,10000,10000,B,2840488,7.97,2865332,7.97
2874967,10:16:27,7.97,1000,1000,10000,S,2874966,7.97,2865332,7.97
2877004,10:16:30,7.97,800,6500,10000,S,2877003,7.97,2865332,7.97
2877005,10:16:30,7.97,100,6500,100,S,2877003,7.97,2868346,7.97
2877006,10:16:30,7.97,100,6500,100,S,2877003,7.97,2869996,7.97
2878848,10:16:33,7.97,1200,6500,1200,B,2877003,7.97,2878847,7.97
2884844,10:16:43,7.96,200,200,10000,S,2884843,7.96,2787589,7.96
2885020,10:16:44,7.97,2900,6500,2900,B,2877003,7.97,2885019,7.97
2885132,10:16:44,7.97,200,6500,200,B,2877003,7.97,2885131,7.97
2885698,10:16:45,7.97,500,6500,500,B,2877003,7.97,2885697,7.97
2889816,10:16:51,7.97,700,6500,1700,B,2877003,7.97,2889815,7.97
2889817,10:16:51,7.97,500,500,1700,B,2878582,7.97,2889815,7.97
2889818,10:16:51,7.97,500,5000,1700,B,2878591,7.97,2889815,7.97
2891482,10:16:54,7.97,3000,5000,3000,B,2878591,7.97,2891481,7.97
2892344,10:16:55,7.97,1500,5000,18000,B,2878591,7.97,2892343,7.97
2892345,10:16:55,7.97,1000,1000,18000,B,2881537,7.97,2892343,7.97
2892346,10:16:55,7.97,3800,3800,18000,B,2885237,7.97,2892343,7.97
2907830,10:17:21,7.97,10000,10000,18000,S,2907829,7.97,2892343,7.97
2909995,10:17:24,7.97,1700,10000,18000,S,2909994,7.97,2892343,7.97
2919347,10:17:39,7.96,3000,3000,10000,S,2919346,7.96,2787589,7.96
2919462,10:17:40,7.97,8300,10000,9700,B,2909994,7.97,2919461,7.97
2928469,10:17:54,7.97,100,100,9700,S,2928468,7.97,2919461,7.97
2931367,10:17:59,7.97,1300,2000,9700,S,2931366,7.97,2919461,7.97
2931368,10:17:59,7.97,700,2000,3000,S,2931366,7.97,2921599,7.97
2937495,10:18:10,7.97,2000,2000,3000,S,2937494,7.97,2921599,7.97
2939169,10:18:13,7.97,300,1200,3000,S,2939168,7.97,2921599,7.97
2939170,10:18:13,7.97,100,1200,100,S,2939168,7.97,2921823,7.97
2956959,10:18:42,7.96,2000,2400,10000,S,2956958,7.96,2787589,7.96
2956960,10:18:42,7.96,100,2400,100,S,2956958,7.96,2788146,7.96
2956961,10:18:42,7.96,300,2400,3600,S,2956958,7.96,2824381,7.96
2962086,10:18:51,7.97,300,1200,300,B,2939168,7.97,2962085,7.97
2966886,10:18:58,7.97,300,1200,300,B,2939168,7.97,2966885,7.97
2966983,10:18:58,7.97,100,1200,100,B,2939168,7.97,2966982,7.97
2924030,10:17:47,7.98,100,1500,100,B,2433016,7.98,2924029,7.98
2978018,10:19:16,7.97,100,1200,100,B,2939168,7.97,2978017,7.97
2985731,10:19:29,7.96,1100,1100,3600,S,2985730,7.96,2824381,7.96
2990116,10:19:36,7.96,2200,7000,3600,S,2990115,7.96,2824381,7.96
2990117,10:19:36,7.96,300,7000,300,S,2990115,7.96,2843674,7.96
2990118,10:19:36,7.96,300,7000,300,S,2990115,7.96,2844373,7.96
2990119,10:19:36,7.96,200,7000,200,S,2990115,7.96,2854444,7.96
2990120,10:19:36,7.96,300,7000,300,S,2990115,7.96,2859582,7.96
2990121,10:19:36,7.96,300,7000,300,S,2990115,7.96,2860054,7.96
2990122,10:19:36,7.96,200,7000,200,S,2990115,7.96,2860098,7.96
2990123,10:19:36,7.96,2000,7000,2000,S,2990115,7.96,2873486,7.96
2990124,10:19:36,7.96,500,7000,500,S,2990115,7.96,2913765,7.96
2990125,10:19:36,7.96,300,7000,300,S,2990115,7.96,2944752,7.96
2990126,10:19:36,7.96,100,7000,100,S,2990115,7.96,2947994,7.96
2990127,10:19:36,7.96,200,7000,200,S,2990115,7.96,2966189,7.96
2999203,10:19:52,7.96,100,7000,400,B,2990115,7.96,2999202,7.96
3000473,10:19:54,7.96,300,400,400,S,3000472,7.96,2999202,7.96
3000474,10:19:54,7.96,100,400,100,S,3000472,7.96,2999500,7.96
3015664,10:20:21,7.96,100,2000,100,S,3015663,7.96,3000780,7.96
3015665,10:20:21,7.96,1000,2000,1000,S,3015663,7.96,3001911,7.96
3022569,10:20:33,7.96,900,2000,1000,B,3015663,7.96,3022568,7.96
3022570,10:20:33,7.96,100,800,1000,B,3015751,7.96,3022568,7.96
3036498,10:20:59,7.96,100,800,100,B,3015751,7.96,3036497,7.96
3037236,10:21:00,7.96,600,800,2700,B,3015751,7.96,3037235,7.96
3037237,10:21:00,7.96,100,100,2700,B,3021760,7.96,3037235,7.96
3060246,10:21:40,7.97,500,500,500,B,2992579,7.97,3060245,7.97
3062018,10:21:43,7.96,2000,5000,2700,S,3062017,7.96,3037235,7.96
3062019,10:21:43,7.96,100,5000,100,S,3062017,7.96,3043441,7.96
3062020,10:21:43,7.96,100,5000,100,S,3062017,7.96,3043793,7.96
3062021,10:21:43,7.96,100,5000,100,S,3062017,7.96,3045068,7.96
3062022,10:21:43,7.96,1300,5000,1300,S,3062017,7.96,3055372,7.96
3070459,10:21:59,7.96,1100,5000,1100,B,3062017,7.96,3070458,7.96
3074011,10:22:04,7.96,100,5000,100,B,3062017,7.96,3074010,7.96
3028514,10:20:44,7.95,200,13800,200,S,3028513,7.95,2657054,7.95
3028515,10:20:44,7.95,1000,13800,1000,S,3028513,7.95,2658806,7.95
3028516,10:20:44,7.95,5800,13800,5800,S,3028513,7.95,2660628,7.95
3028517,10:20:44,7.95,6800,13800,20000,S,3028513,7.95,2677544,7.95
3087512,10:22:27,7.95,1300,1300,20000,S,3087511,7.95,2677544,7.95
3102461,10:22:54,7.95,11900,30000,20000,S,3102460,7.95,2677544,7.95
3102462,10:22:54,7.95,100,30000,100,S,3102460,7.95,2724044,7.95
3102463,10:22:54,7.95,3100,30000,3100,S,3102460,7.95,2746628,7.95
3102464,10:22:54,7.95,300,30000,300,S,3102460,7.95,2799172,7.95
3102465,10:22:54,7.95,1400,30000,1400,S,3102460,7.95,2892136,7.95
3102466,10:22:54,7.95,13200,30000,20000,S,3102460,7.95,2975785,7.95
3110300,10:23:09,7.96,100,5000,100,B,3062017,7.96,3110299,7.96
3111250,10:23:11,7.96,100,5000,300,B,3062017,7.96,3111249,7.96
3111251,10:23:11,7.96,200,5000,300,B,3075189,7.96,3111249,7.96
3117818,10:23:23,7.96,200,5000,200,B,3075189,7.96,3117817,7.96
3130431,10:23:48,7.95,5000,5000,20000,S,3130430,7.95,2975785,7.95
3146718,10:24:20,7.96,100,5000,100,B,3075189,7.96,3146717,7.96
3148265,10:24:23,7.95,1800,9700,20000,S,3148264,7.95,2975785,7.95
3148266,10:24:23,7.95,100,9700,100,S,3148264,7.95,3025452,7.95
3148267,10:24:23,7.95,200,9700,200,S,3148264,7.95,3026126,7.95
3148268,10:24:23,7.95,100,9700,100,S,3148264,7.95,3026604,7.95
3148269,10:24:23,7.95,600,9700,600,S,3148264,7.95,3030902,7.95
3148270,10:24:23,7.95,100,9700,100,S,3148264,7.95,3033031,7.95
3148271,10:24:23,7.95,1600,9700,1600,S,3148264,7.95,3087659,7.95
3148272,10:24:23,7.95,600,9700,600,S,3148264,7.95,3091584,7.95
3148273,10:24:23,7.95,200,9700,200,S,3148264,7.95,3094157,7.95
3148274,10:24:23,7.95,4000,9700,4000,S,3148264,7.95,3129410,7.95
3148275,10:24:23,7.95,200,9700,200,S,3148264,7.95,3131975,7.95
3148276,10:24:23,7.95,200,9700,700,S,3148264,7.95,3141782,7.95
3161616,10:24:50,7.95,500,1100,700,S,3161615,7.95,3141782,7.95
3161617,10:24:50,7.95,200,1100,200,S,3161615,7.95,3147065,7.95
3161618,10:24:50,7.95,100,1100,100,S,3161615,7.95,3147672,7.95
3161619,10:24:50,7.95,200,1100,200,S,3161615,7.95,3158576,7.95
3162056,10:24:51,7.95,100,1100,2100,B,3161615,7.95,3162055,7.95
3164638,10:24:56,7.95,500,500,2100,S,3164637,7.95,3162055,7.95
3172346,10:25:12,7.95,400,400,2100,S,3172345,7.95,3162055,7.95
3174965,10:25:18,7.96,100,5000,100,B,3075189,7.96,3174964,7.96
3206816,10:26:24,7.96,100,5000,100,B,3075189,7.96,3206815,7.96
3211831,10:26:34,7.96,500,5000,500,B,3075189,7.96,3211830,7.96
3232084,10:27:12,7.95,1000,1000,2100,S,3232083,7.95,3162055,7.95
3235306,10:27:18,7.95,100,57900,2100,S,3235305,7.94,3162055,7.95
3235307,10:27:18,7.95,400,57900,400,S,3235305,7.94,3162058,7.95
3235308,10:27:18,7.95,1900,57900,1900,S,3235305,7.94,3162070,7.95
3235309,10:27:18,7.95,2100,57900,2100,S,3235305,7.94,3162106,7.95
3235310,10:27:18,7.95,600,57900,600,S,3235305,7.94,3162194,7.95
3235311,10:27:18,7.95,10000,57900,10000,S,3235305,7.94,3165040,7.95
3235312,10:27:18,7.95,100,57900,100,S,3235305,7.94,3173645,7.95
3235313,10:27:18,7.95,100,57900,100,S,3235305,7.94,3186864,7.95
3235314,10:27:18,7.95,3000,57900,3000,S,3235305,7.94,3187951,7.95
3235315,10:27:18,7.95,200,57900,200,S,3235305,7.94,3189069,7.95
3235316,10:27:18,7.95,100,57900,100,S,3235305,7.94,3194102,7.95
3235317,10:27:18,7.95,100,57900,100,S,3235305,7.94,3201133,7.95
3235318,10:27:18,7.95,100,57900,100,S,3235305,7.94,3203314,7.95
3235319,10:27:18,7.95,100,57900,100,S,3235305,7.94,3213101,7.95
3235320,10:27:18,7.95,200,57900,200,S,3235305,7.94,3220596,7.95
3235321,10:27:18,7.95,100,57900,100,S,3235305,7.94,3230506,7.95
3235322,10:27:18,7.94,10700,57900,10700,S,3235305,7.94,1763143,7.94
3235323,10:27:18,7.94,4100,57900,4100,S,3235305,7.94,1911076,7.94
3235324,10:27:18,7.94,2000,57900,2000,S,3235305,7.94,2503554,7.94
3235325,10:27:18,7.94,100,57900,100,S,3235305,7.94,2646124,7.94
3235326,10:27:18,7.94,300,57900,300,S,3235305,7.94,2646139,7.94
3235327,10:27:18,7.94,200,57900,200,S,3235305,7.94,2646150,7.94
3235328,10:27:18,7.94,200,57900,200,S,3235305,7.94,2646151,7.94
3235329,10:27:18,7.94,100,57900,100,S,3235305,7.94,2646265,7.94
3235330,10:27:18,7.94,16000,57900,16000,S,3235305,7.94,2947071,7.94
3235664,10:27:19,7.94,5000,57900,5000,B,3235305,7.94,3235663,7.94
3241124,10:27:29,7.95,100,3800,100,B,3237810,7.95,3241123,7.95
3246203,10:27:39,7.93,200,2000,2200,S,3246202,7.93,2962434,7.93
3246204,10:27:39,7.93,1300,2000,1300,S,3246202,7.93,3179916,7.93
3246205,10:27:39,7.93,100,2000,100,S,3246202,7.93,3236920,7.93
3246206,10:27:39,7.93,100,2000,100,S,3246202,7.93,3236925,7.93
3246207,10:27:39,7.93,200,2000,200,S,3246202,7.93,3236951,7.93
3246208,10:27:39,7.93,100,2000,200,S,3246202,7.93,3236953,7.93
3262698,10:28:12,7.93,100,2000,200,S,3262697,7.93,3236953,7.93
3262699,10:28:12,7.93,100,2000,100,S,3262697,7.93,3237052,7.93
3262700,10:28:12,7.93,100,2000,100,S,3262697,7.93,3256418,7.93
3264384,10:28:15,7.93,300,2000,300,B,3262697,7.93,3264383,7.93
3264410,10:28:15,7.93,400,2000,400,B,3262697,7.93,3264409,7.93
3264412,10:28:15,7.93,400,2000,400,B,3262697,7.93,3264411,7.93
3265716,10:28:18,7.93,400,2000,400,B,3262697,7.93,3265715,7.93
3269736,10:28:26,7.93,200,2000,300,B,3262697,7.93,3269735,7.93
3269737,10:28:26,7.93,100,3000,300,B,3268678,7.93,3269735,7.93
3273774,10:28:34,7.93,100,3000,100,B,3268678,7.93,3273773,7.93
3283094,10:28:53,7.92,1200,3600,1200,S,3283093,7.92,2492336,7.92
3283095,10:28:53,7.92,2000,3600,2000,S,3283093,7.92,3034419,7.92
3283096,10:28:53,7.92,400,3600,2000,S,3283093,7.92,3092077,7.92
3285766,10:28:59,7.92,1600,6000,2000,S,3285765,7.92,3092077,7.92
3285767,10:28:59,7.92,1000,6000,1000,S,3285765,7.92,3236794,7.92
3285768,10:28:59,7.92,100,6000,100,S,3285765,7.92,3262487,7.92
3285769,10:28:59,7.92,100,6000,100,S,3285765,7.92,3272266,7.92
3289513,10:29:06,7.92,100,6000,100,B,3285765,7.92,3289512,7.92
3243034,10:27:33,7.95,300,3800,300,B,3237810,7.95,3243033,7.95
3243326,10:27:33,7.95,300,3800,300,B,3237810,7.95,3243325,7.95
3244733,10:27:36,7.93,2000,2000,2200,S,3244732,7.93,2962434,7.93
3300080,10:29:29,7.92,3100,6000,5100,B,3285765,7.92,3300079,7.92
3306522,10:29:41,7.93,2800,3000,4000,B,3268678,7.93,3306521,7.93
3306523,10:29:41,7.93,200,200,4000,B,3273428,7.93,3306521,7.93
3306524,10:29:41,7.93,1000,1000,4000,B,3277431,7.93,3306521,7.93
3308517,10:29:44,7.93,100,3000,100,B,3308313,7.93,3308516,7.93
3308531,10:29:44,7.93,600,3000,600,B,3308313,7.93,3308530,7.93
3311706,10:29:50,7.93,1000,3000,1000,B,3308313,7.93,3311705,7.93
3313278,10:29:53,7.93,1300,3000,1300,B,3308313,7.93,3313277,7.93
3317508,10:30:00,7.94,2000,2000,3200,S,3317507,7.94,3317158,7.94
3319674,10:30:04,7.95,3100,3800,7300,B,3237810,7.95,3319673,7.95
3319675,10:30:04,7.95,4200,5000,7300,B,3248216,7.95,3319673,7.95
3320438,10:30:05,7.95,800,5000,11000,B,3248216,7.95,3320437,7.96
3320439,10:30:05,7.95,2500,2500,11000,B,3271835,7.95,3320437,7.96
3320440,10:30:05,7.95,1200,1200,11000,B,3318757,7.95,3320437,7.96
3320441,10:30:05,7.96,3800,5000,11000,B,3075189,7.96,3320437,7.96
3320442,10:30:05,7.96,2700,2800,11000,B,3084083,7.96,3320437,7.96
3342218,10:30:44,7.96,100,2800,100,B,3084083,7.96,3342217,7.96
3349020,10:30:56,7.95,100,200,100,S,3349019,7.95,3320757,7.95
3349021,10:30:56,7.95,100,200,100,S,3349019,7.95,3324531,7.95
3359624,10:31:15,7.95,100,800,100,S,3359623,7.95,3326366,7.95
3359625,10:31:15,7.95,100,800,100,S,3359623,7.95,3336601,7.95
3359626,10:31:15,7.95,300,800,300,S,3359623,7.95,3343303,7.95
3377195,10:31:48,7.95,100,800,100,B,3359623,7.95,3377194,7.95
3381715,10:31:57,7.95,200,800,200,B,3359623,7.95,3381714,7.95
3385131,10:32:03,7.95,300,6000,300,B,3368934,7.95,3385130,7.95
3411897,10:32:54,7.95,100,6000,100,B,3368934,7.95,3411896,7.95
3419172,10:33:08,7.94,1200,3500,3200,S,3419171,7.94,3317158,7.94
3419173,10:33:08,7.94,200,3500,200,S,3419171,7.94,3362531,7.94
3419174,10:33:08,7.94,200,3500,200,S,3419171,7.94,3376036,7.94
3419175,10:33:08,7.94,800,3500,800,S,3419171,7.94,3395680,7.94
3419176,10:33:08,7.94,1100,3500,1100,S,3419171,7.94,3413403,7.94
3425844,10:33:21,7.94,400,500,400,S,3425843,7.94,3420701,7.94
3425845,10:33:21,7.94,100,500,300,S,3425843,7.94,3424810,7.94
3441042,10:33:50,7.94,200,500,300,S,3441041,7.94,3424810,7.94
3441593,10:33:51,7.94,300,500,1000,B,3441041,7.94,3441592,7.94
3447350,10:34:02,7.95,100,6000,100,B,3368934,7.95,3447349,7.95
3472446,10:34:53,7.94,600,600,1000,S,3472445,7.94,3441592,7.94
3478376,10:35:05,7.95,100,6000,100,B,3368934,7.95,3478375,7.95
3480333,10:35:09,7.95,500,6000,500,B,3368934,7.95,3480332,7.95
3486804,10:35:22,7.95,3000,6000,3000,B,3368934,7.95,3486803,7.95
3502318,10:35:54,7.95,200,6000,200,B,3368934,7.95,3502317,7.95
3507974,10:36:05,7.95,1000,6000,1000,B,3368934,7.95,3507973,7.95
3510186,10:36:10,7.95,100,6000,100,B,3368934,7.95,3510185,7.95
3513793,10:36:17,7.95,600,6000,1300,B,3368934,7.95,3513792,7.95
3513794,10:36:17,7.95,500,500,1300,B,3390198,7.95,3513792,7.95
3513795,10:36:17,7.95,200,2000,1300,B,3395679,7.95,3513792,7.95
3514044,10:36:17,7.95,200,2000,200,B,3395679,7.95,3514043,7.95
3516689,10:36:22,7.95,300,2000,300,B,3395679,7.95,3516688,7.95
3522021,10:36:33,7.95,1300,2000,1500,B,3395679,7.95,3522020,7.95
3522022,10:36:33,7.95,200,700,1500,B,3479325,7.95,3522020,7.95
3541972,10:37:16,7.95,100,700,100,B,3479325,7.95,3541971,7.95
3556628,10:37:46,7.94,100,20000,1000,S,3556627,7.94,3441592,7.94
3556629,10:37:46,7.94,1100,20000,1100,S,3556627,7.94,3441621,7.94
3556630,10:37:46,7.94,100,20000,100,S,3556627,7.94,3466867,7.94
3556631,10:37:46,7.94,300,20000,300,S,3556627,7.94,3496676,7.94
3556632,10:37:46,7.94,300,20000,300,S,3556627,7.94,3497557,7.94
3556633,10:37:46,7.94,300,20000,300,S,3556627,7.94,3506735,7.94
3556634,10:37:46,7.94,300,20000,300,S,3556627,7.94,3514071,7.94
3556635,10:37:46,7.94,100,20000,100,S,3556627,7.94,3515458,7.94
3556636,10:37:46,7.94,200,20000,200,S,3556627,7.94,3519472,7.94
3556637,10:37:46,7.94,3200,20000,3200,S,3556627,7.94,3521808,7.94
3561992,10:37:57,7.94,1000,20000,1000,B,3556627,7.94,3561991,7.94
3572411,10:38:17,7.94,3000,20000,3000,B,3556627,7.94,3572410,7.94
3577253,10:38:26,7.94,100,20000,100,B,3556627,7.94,3577252,7.94
3583583,10:38:39,7.93,2000,10000,2000,S,3583582,7.93,3320952,7.93
3583584,10:38:39,7.93,4900,10000,4900,S,3583582,7.93,3386225,7.93
3583585,10:38:39,7.93,1000,10000,1000,S,3583582,7.93,3393419,7.93
3583586,10:38:39,7.93,1000,10000,1000,S,3583582,7.93,3396231,7.93
3583587,10:38:39,7.93,1100,10000,1200,S,3583582,7.93,3441634,7.93
3586664,10:38:45,7.94,100,20000,100,B,3556627,7.94,3586663,7.94
3598598,10:39:10,7.94,3300,20000,3300,B,3556627,7.94,3598597,7.94
3609060,10:39:31,7.94,100,20000,100,B,3556627,7.94,3609059,7.94
3609683,10:39:33,7.93,100,5000,1200,S,3609682,7.93,3441634,7.93
3609684,10:39:33,7.93,400,5000,400,S,3609682,7.93,3466108,7.93
3609685,10:39:33,7.93,100,5000,100,S,3609682,7.93,3591761,7.93
3609686,10:39:33,7.93,200,5000,200,S,3609682,7.93,3592199,7.93
3609687,10:39:33,7.93,1100,5000,1100,S,3609682,7.93,3608361,7.93
3609688,10:39:33,7.93,800,5000,800,S,3609682,7.93,3608998,7.93
3611320,10:39:36,7.93,2000,5000,2000,B,3609682,7.93,3611319,7.93
3611437,10:39:36,7.93,300,5000,800,B,3609682,7.93,3611436,7.93
3622296,10:40:00,7.94,6400,20000,8100,B,3556627,7.94,3622295,7.94
3622297,10:40:00,7.94,500,500,8100,B,3587676,7.94,3622295,7.94
3635875,10:40:29,7.95,100,700,100,B,3479325,7.95,3635874,7.95
3636745,10:40:31,7.95,300,700,300,B,3479325,7.95,3636744,7.95
3640649,10:40:40,7.95,300,400,300,B,3507264,7.95,3640648,7.95
3661418,10:41:25,7.94,1200,2000,8100,S,3661417,7.94,3622295,7.94
3661419,10:41:25,7.94,100,2000,100,S,3661417,7.94,3641430,7.94
3661420,10:41:25,7.94,500,2000,500,S,3661417,7.94,3643112,7.94
3661421,10:41:25,7.94,200,2000,1300,S,3661417,7.94,3643776,7.94
3661554,10:41:26,7.95,100,400,3700,B,3507264,7.95,3661553,7.95
3661555,10:41:26,7.95,500,500,3700,B,3507386,7.95,3661553,7.95
3661556,10:41:26,7.95,3100,3100,3700,B,3529191,7.95,3661553,7.95
3664760,10:41:32,7.94,1100,1900,1300,S,3664759,7.94,3643776,7.94
3664761,10:41:32,7.94,200,1900,200,S,3664759,7.94,3645982,7.94
3664762,10:41:32,7.94,100,1900,100,S,3664759,7.94,3651346,7.94
3664763,10:41:32,7.94,100,1900,100,S,3664759,7.94,3657278,7.94
3664764,10:41:32,7.94,200,1900,200,S,3664759,7.94,3662097,7.94
3664765,10:41:32,7.94,100,1900,100,S,3664759,7.94,3663436,7.94
3665529,10:41:34,7.94,100,1900,100,B,3664759,7.94,3665528,7.94
3666035,10:41:35,7.93,500,3500,800,S,3666034,7.93,3611436,7.93
3666036,10:41:35,7.93,100,3500,100,S,3666034,7.93,3622755,7.93
3666037,10:41:35,7.93,1000,3500,1000,S,3666034,7.93,3633770,7.93
3666038,10:41:35,7.93,1900,3500,2000,S,3666034,7.93,3637551,7.93
3670078,10:41:43,7.93,100,1300,2000,S,3670077,7.93,3637551,7.93
3677883,10:42:00,7.92,2000,30000,5100,S,3677882,7.92,3300079,7.92
3677884,10:42:00,7.92,1000,30000,1000,S,3677882,7.92,3300680,7.92
3677885,10:42:00,7.92,7000,30000,7000,S,3677882,7.92,3300931,7.92
3677886,10:42:00,7.92,200,30000,200,S,3677882,7.92,3307535,7.92
3677887,10:42:00,7.92,5400,30000,5400,S,3677882,7.92,3354318,7.92
3677888,10:42:00,7.92,500,30000,500,S,3677882,7.92,3384012,7.92
3677889,10:42:00,7.92,13900,30000,15000,S,3677882,7.92,3590089,7.92
3695320,10:42:37,7.92,1100,10000,15000,S,3695319,7.92,3590089,7.92
3695321,10:42:37,7.92,100,10000,100,S,3695319,7.92,3611357,7.92
3695322,10:42:37,7.92,200,10000,200,S,3695319,7.92,3670785,7.92
3695323,10:42:37,7.92,200,10000,200,S,3695319,7.92,3670786,7.92
3695324,10:42:37,7.92,300,10000,300,S,3695319,7.92,3670804,7.92
3695325,10:42:37,7.92,200,10000,200,S,3695319,7.92,3670827,7.92
3695326,10:42:37,7.92,200,10000,200,S,3695319,7.92,3670886,7.92
3695327,10:42:37,7.92,3000,10000,3000,S,3695319,7.92,3691675,7.92
3700603,10:42:48,7.92,100,10000,100,B,3695319,7.92,3700602,7.92
3707648,10:43:02,7.91,800,30000,800,S,3707647,7.91,1880439,7.91
3707649,10:43:02,7.91,5000,30000,5000,S,3707647,7.91,1914477,7.91
3707650,10:43:02,7.91,1900,30000,1900,S,3707647,7.91,1937322,7.91
3707651,10:43:02,7.91,3200,30000,3200,S,3707647,7.91,1985247,7.91
3707652,10:43:02,7.91,200,30000,200,S,3707647,7.91,3297426,7.91
3707653,10:43:02,7.91,2500,30000,2500,S,3707647,7.91,3323008,7.91
3707654,10:43:02,7.91,1000,30000,1000,S,3707647,7.91,3684760,7.91
3707655,10:43:02,7.91,3000,30000,3000,S,3707647,7.91,3690961,7.91
3719314,10:43:26,7.91,900,30000,900,B,3707647,7.91,3719313,7.91
3725304,10:43:38,7.91,1000,30000,1000,B,3707647,7.91,3725303,7.91
3726536,10:43:41,7.91,5000,30000,5000,B,3707647,7.91,3726535,7.91
3727322,10:43:42,7.91,300,30000,300,B,3707647,7.91,3727321,7.91
3732062,10:43:51,7.91,100,30000,100,B,3707647,7.91,3732061,7.91
3741049,10:44:10,7.9,2200,2200,50000,S,3741048,7.9,3305154,7.9
3742995,10:44:14,7.91,1300,30000,1300,B,3707647,7.91,3742994,7.91
3743092,10:44:14,7.9,700,700,50000,S,3743091,7.9,3305154,7.9
3748250,10:44:26,7.9,10000,10000,50000,S,3748249,7.9,3305154,7.9
3759472,10:44:53,7.91,300,30000,300,B,3707647,7.91,3759471,7.91
3760077,10:44:54,7.91,200,30000,200,B,3707647,7.91,3760076,7.91
3763042,10:45:01,7.91,100,30000,100,B,3707647,7.91,3763041,7.91
3766435,10:45:09,7.91,3200,30000,16900,B,3707647,7.91,3766434,7.91
3766436,10:45:09,7.91,5000,5000,16900,B,3730689,7.91,3766434,7.91
3766437,10:45:09,7.91,600,600,16900,B,3734253,7.91,3766434,7.91
3766438,10:45:09,7.91,1500,1500,16900,B,3736093,7.91,3766434,7.91
3789013,10:46:02,7.92,100,10000,100,B,3695319,7.92,3789012,7.92
3736678,10:44:00,7.9,2000,20000,2000,S,3736677,7.9,1757547,7.9
3736679,10:44:00,7.9,2500,20000,2500,S,3736677,7.9,2045904,7.9
3736680,10:44:00,7.9,1500,20000,1500,S,3736677,7.9,2125219,7.9
3736681,10:44:00,7.9,200,20000,200,S,3736677,7.9,2559076,7.9
3736682,10:44:00,7.9,100,20000,100,S,3736677,7.9,2639308,7.9
3736683,10:44:00,7.9,100,20000,100,S,3736677,7.9,2704908,7.9
3736684,10:44:00,7.9,500,20000,500,S,3736677,7.9,2829951,7.9
3736685,10:44:00,7.9,13100,20000,50000,S,3736677,7.9,3305154,7.9
3812989,10:47:02,7.93,100,1300,100,B,3670077,7.93,3812988,7.93
3819596,10:47:18,7.93,300,1300,300,B,3670077,7.93,3819595,7.93
3822708,10:47:26,7.93,100,1300,100,B,3670077,7.93,3822707,7.93
3826254,10:47:34,7.93,500,1300,500,B,3670077,7.93,3826253,7.93
3828770,10:47:41,7.92,400,400,20000,S,3828769,7.92,3792644,7.92
3838794,10:48:04,7.93,200,1300,200,B,3670077,7.93,3838793,7.93
3792645,10:46:11,7.92,4500,10000,20000,B,3695319,7.92,3792644,7.92
3792646,10:46:11,7.92,8000,8000,20000,B,3779648,7.92,3792644,7.92
3792917,10:46:11,7.92,4300,4300,20000,S,3792916,7.92,3792644,7.92
3852359,10:48:37,7.92,2000,2000,20000,S,3852358,7.92,3792644,7.92
3852602,10:48:37,7.92,800,13200,20000,S,3852601,7.92,3792644,7.92
3852603,10:48:37,7.92,100,13200,100,S,3852601,7.92,3794552,7.92
3852604,10:48:37,7.92,100,13200,100,S,3852601,7.92,3794591,7.92
3852605,10:48:37,7.92,100,13200,100,S,3852601,7.92,3794642,7.92
3852606,10:48:37,7.92,900,13200,900,S,3852601,7.92,3794736,7.92
3852607,10:48:37,7.92,100,13200,100,S,3852601,7.92,3795960,7.92
3852608,10:48:37,7.92,200,13200,200,S,3852601,7.92,3796056,7.92
3852609,10:48:37,7.92,200,13200,200,S,3852601,7.92,3796987,7.92
3852610,10:48:37,7.92,2000,13200,2000,S,3852601,7.92,3799328,7.92
3852611,10:48:37,7.92,100,13200,100,S,3852601,7.92,3800558,7.92
3852612,10:48:37,7.92,200,13200,200,S,3852601,7.92,3809382,7.92
3852613,10:48:37,7.92,900,13200,900,S,3852601,7.92,3819665,7.92
3852614,10:48:37,7.92,2000,13200,2000,S,3852601,7.92,3820651,7.92
3852615,10:48:37,7.92,100,13200,100,S,3852601,7.92,3829426,7.92
3852616,10:48:37,7.92,200,13200,200,S,3852601,7.92,3830946,7.92
3852617,10:48:37,7.92,900,13200,900,S,3852601,7.92,3846060,7.92
3853942,10:48:41,7.92,1500,13200,1500,B,3852601,7.92,3853941,7.92
3854548,10:48:42,7.92,900,13200,900,B,3852601,7.92,3854547,7.92
3854551,10:48:42,7.92,1100,13200,1100,B,3852601,7.92,3854550,7.92
3854618,10:48:42,7.92,800,13200,1100,B,3852601,7.92,3854617,7.92
3856419,10:48:46,7.92,300,800,1100,S,3856418,7.92,3854617,7.92
3856420,10:48:46,7.92,500,800,2500,S,3856418,7.92,3854620,7.92
3857694,10:48:49,7.92,2000,2400,2500,S,3857693,7.92,3854620,7.92
3857695,10:48:49,7.92,300,2400,300,S,3857693,7.92,3854712,7.92
3867466,10:49:13,7.91,6600,20000,16900,S,3867465,7.91,3766434,7.91
3867467,10:49:13,7.91,100,20000,100,S,3867465,7.91,3771488,7.91
3867468,10:49:13,7.91,900,20000,900,S,3867465,7.91,3775421,7.91
3867469,10:49:13,7.91,200,20000,200,S,3867465,7.91,3779439,7.91
3867470,10:49:13,7.91,200,20000,200,S,3867465,7.91,3780808,7.91
3867471,10:49:13,7.91,200,20000,200,S,3867465,7.91,3783216,7.91
3867472,10:49:13,7.91,300,20000,300,S,3867465,7.91,3784153,7.91
3867473,10:49:13,7.91,700,20000,700,S,3867465,7.91,3784283,7.91
3867474,10:49:13,7.91,200,20000,200,S,3867465,7.91,3788572,7.91
3867475,10:49:13,7.91,1500,20000,1500,S,3867465,7.91,3813285,7.91
3867476,10:49:13,7.91,100,20000,100,S,3867465,7.91,3826337,7.91
3867477,10:49:13,7.91,3100,20000,3100,S,3867465,7.91,3845277,7.91
3867478,10:49:13,7.91,100,20000,100,S,3867465,7.91,3864000,7.91
3867479,10:49:13,7.91,200,20000,200,S,3867465,7.91,3866578,7.91
3867889,10:49:14,7.91,200,20000,200,B,3867465,7.91,3867888,7.91
3869099,10:49:17,7.91,300,20000,300,B,3867465,7.91,3869098,7.91
3870739,10:49:21,7.91,100,20000,100,B,3867465,7.91,3870738,7.91
3885978,10:49:56,7.91,2600,20000,2600,B,3867465,7.91,3885977,7.91
3893420,10:50:14,7.91,100,20000,100,B,3867465,7.91,3893419,7.91
3904407,10:50:40,7.9,1200,1200,50000,S,3904406,7.9,3305154,7.9
3905409,10:50:43,7.9,1000,1000,50000,S,3905408,7.9,3305154,7.9
3911531,10:50:58,7.9,1500,1500,50000,S,3911530,7.9,3305154,7.9
3912908,10:51:01,7.91,1000,20000,1000,B,3867465,7.91,3912907,7.91
3913012,10:51:01,7.9,500,500,50000,S,3913011,7.9,3305154,7.9
3913226,10:51:02,7.9,10000,10000,50000,S,3913225,7.9,3305154,7.9
3915023,10:51:07,7.9,400,2000,50000,S,3915022,7.9,3305154,7.9
3915024,10:51:07,7.9,1400,2000,1400,S,3915022,7.9,3350890,7.9
3915025,10:51:07,7.9,200,2000,300,S,3915022,7.9,3667208,7.9
3918006,10:51:14,7.9,100,3000,300,S,3918005,7.9,3667208,7.9
3918007,10:51:14,7.9,900,3000,900,S,3918005,7.9,3698594,7.9
3918008,10:51:14,7.9,200,3000,200,S,3918005,7.9,3708222,7.9
3918009,10:51:14,7.9,200,3000,200,S,3918005,7.9,3708266,7.9
3918010,10:51:14,7.9,300,3000,300,S,3918005,7.9,3708267,7.9
3918011,10:51:14,7.9,200,3000,200,S,3918005,7.9,3708388,7.9
3918012,10:51:14,7.9,1100,3000,1100,S,3918005,7.9,3729454,7.9
3920642,10:51:21,7.9,200,3500,200,S,3920641,7.9,3745995,7.9
3920643,10:51:21,7.9,300,3500,300,S,3920641,7.9,3758564,7.9
3920644,10:51:21,7.9,500,3500,500,S,3920641,7.9,3767302,7.9
3920645,10:51:21,7.9,600,3500,600,S,3920641,7.9,3835252,7.9
3920646,10:51:21,7.9,1500,3500,1500,S,3920641,7.9,3846479,7.9
3920647,10:51:21,7.9,400,3500,900,S,3920641,7.9,3872198,7.9
3922647,10:51:26,7.91,100,20000,100,B,3867465,7.91,3922646,7.91
3924229,10:51:29,7.9,500,5000,900,S,3924228,7.9,3872198,7.9
3924230,10:51:29,7.9,100,5000,100,S,3924228,7.9,3893882,7.9
3924231,10:51:29,7.9,900,5000,900,S,3924228,7.9,3898800,7.9
3924232,10:51:29,7.9,100,5000,100,S,3924228,7.9,3903866,7.9
3924233,10:51:29,7.9,100,5000,100,S,3924228,7.9,3904450,7.9
3924234,10:51:29,7.9,300,5000,300,S,3924228,7.9,3907389,7.9
3924235,10:51:29,7.9,100,5000,100,S,3924228,7.9,3912974,7.9
3924236,10:51:29,7.9,100,5000,100,S,3924228,7.9,3915811,7.9
3924237,10:51:29,7.9,100,5000,100,S,3924228,7.9,3917089,7.9
3924238,10:51:29,7.9,100,5000,100,S,3924228,7.9,3920546,7.9
3924239,10:51:29,7.9,100,5000,100,S,3924228,7.9,3921770,7.9
3945275,10:52:23,7.89,3500,10000,3500,S,3945274,7.89,2286530,7.89
3945276,10:52:23,7.89,500,10000,500,S,3945274,7.89,2529224,7.89
3945277,10:52:23,7.89,200,10000,200,S,3945274,7.89,2952444,7.89
3945278,10:52:23,7.89,100,10000,100,S,3945274,7.89,3741404,7.89
3945279,10:52:23,7.89,600,10000,600,S,3945274,7.89,3761947,7.89
3945280,10:52:23,7.89,600,10000,600,S,3945274,7.89,3899171,7.89
3945281,10:52:23,7.89,100,10000,100,S,3945274,7.89,3923525,7.89
3945282,10:52:23,7.89,200,10000,200,S,3945274,7.89,3937979,7.89
