TranID,Time,Price,Volume,SaleOrderVolume,BuyOrderVolume,Type,SaleOrderID,SaleOrderPrice,BuyOrderID,BuyOrderPrice
232806,09:30:01,7.57,2000,2000,8500,S,232805,7.57,223817,7.57
245219,09:30:02,7.57,1500,1500,8500,S,245218,7.57,223817,7.57
254087,09:30:02,7.57,5000,5000,8500,S,254086,7.57,223817,7.57
309746,09:30:23,7.56,600,600,1000,S,309745,7.56,38770,7.56
352662,09:30:50,7.56,400,500,1000,S,352661,7.56,38770,7.56
371169,09:31:02,7.55,1000,1600,1000,S,371168,7.55,38772,7.55
371170,09:31:02,7.55,600,1600,4000,S,371168,7.55,97891,7.55
382274,09:31:08,7.56,100,500,1000,B,352661,7.56,382273,7.56
382275,09:31:08,7.56,400,400,1000,B,367191,7.56,382273,7.56
405558,09:31:22,7.57,400,400,28600,B,342417,7.57,405557,7.57
405559,09:31:22,7.57,900,900,28600,B,401569,7.57,405557,7.57
447442,09:31:46,7.58,3800,6800,3800,B,169800,7.58,447441,7.58
459503,09:31:53,7.58,600,6800,600,B,169800,7.58,459502,7.58
474752,09:32:02,7.57,1400,1400,28600,S,474751,7.57,405557,7.57
475732,09:32:03,7.57,6000,6000,28600,S,475731,7.57,405557,7.57
482054,09:32:06,7.57,5000,5000,28600,S,482053,7.57,405557,7.57
484812,09:32:08,7.57,5900,5900,28600,S,484811,7.57,405557,7.57
485203,09:32:08,7.57,8300,8300,28600,S,485202,7.57,405557,7.57
492327,09:32:12,7.57,700,7100,28600,S,492326,7.57,405557,7.57
528480,09:32:34,7.56,500,12700,1000,S,528479,7.55,382273,7.56
528481,09:32:34,7.55,3400,12700,4000,S,528479,7.55,97891,7.55
528482,09:32:34,7.55,100,12700,100,S,528479,7.55,448301,7.55
528521,09:32:34,7.55,200,12700,200,B,528479,7.55,528520,7.55
562985,09:32:57,7.54,700,700,7300,S,562984,7.54,539974,7.54
565370,09:32:58,7.55,8500,12700,13500,B,528479,7.55,565369,7.55
565371,09:32:58,7.55,5000,11000,13500,B,540746,7.55,565369,7.55
570449,09:33:02,7.55,800,11000,800,B,540746,7.55,570448,7.55
573447,09:33:04,7.55,500,11000,500,B,540746,7.55,573446,7.55
582920,09:33:09,7.55,900,11000,900,B,540746,7.55,582919,7.55
591549,09:33:15,7.55,600,11000,600,B,540746,7.55,591548,7.55
597093,09:33:18,7.54,2000,2000,7300,S,597092,7.54,539974,7.54
612992,09:33:28,7.55,1200,11000,1200,B,540746,7.55,612991,7.55
625054,09:33:35,7.55,2000,11000,3000,B,540746,7.55,625053,7.55
648134,09:33:48,7.55,1000,3000,3000,S,648133,7.55,625053,7.55
648135,09:33:48,7.55,1000,3000,1000,S,648133,7.55,627833,7.55
648136,09:33:48,7.55,1000,3000,1000,S,648133,7.55,632257,7.55
664866,09:33:57,7.55,500,6200,500,S,664865,7.54,649382,7.55
664867,09:33:57,7.54,4600,6200,7300,S,664865,7.54,539974,7.54
664868,09:33:57,7.54,1000,6200,1000,S,664865,7.54,559250,7.54
664869,09:33:57,7.54,100,6200,1500,S,664865,7.54,566520,7.54
745042,09:34:47,7.54,100,100,1500,S,745041,7.54,566520,7.54
749348,09:34:50,7.54,800,800,1500,S,749347,7.54,566520,7.54
767018,09:35:03,7.54,500,1600,1500,S,767017,7.54,566520,7.54
767019,09:35:03,7.54,500,1600,500,S,767017,7.54,606739,7.54
767020,09:35:03,7.54,600,1600,2500,S,767017,7.54,610364,7.54
793206,09:35:21,7.55,300,300,300,B,697340,7.55,793205,7.55
819646,09:35:37,7.54,1900,14500,2500,S,819645,7.54,610364,7.54
819647,09:35:37,7.54,1000,14500,1000,S,819645,7.54,777237,7.54
819648,09:35:37,7.54,1300,14500,1300,S,819645,7.54,803837,7.54
837910,09:35:48,7.54,300,14500,300,B,819645,7.54,837909,7.54
858829,09:36:01,7.54,500,14500,500,B,819645,7.54,858828,7.54
860253,09:36:02,7.54,9500,14500,9500,B,819645,7.54,860252,7.54
872017,09:36:10,7.54,400,400,1700,S,872016,7.54,867507,7.54
879337,09:36:15,7.55,700,700,5000,B,726067,7.55,879336,7.55
879338,09:36:15,7.55,3600,3600,5000,B,788142,7.55,879336,7.55
900873,09:36:29,7.56,2000,2000,2000,B,871013,7.56,900872,7.56
932177,09:36:50,7.55,700,10000,5000,S,932176,7.55,879336,7.55
932178,09:36:50,7.55,1000,10000,1000,S,932176,7.55,925112,7.55
932179,09:36:50,7.55,2000,10000,2000,S,932176,7.55,930551,7.55
941603,09:36:57,7.54,200,200,1700,S,941602,7.54,867507,7.54
946561,09:37:00,7.55,6300,10000,8700,B,932176,7.55,946560,7.55
983280,09:37:25,7.57,6400,7100,8900,B,492326,7.57,983279,7.57
986325,09:37:28,7.57,2500,2500,8900,S,986324,7.57,983279,7.57
1009238,09:37:43,7.56,1000,1000,1000,S,1009237,7.56,998433,7.56
1018061,09:37:49,7.58,500,6800,500,B,169800,7.58,1018060,7.58
1039402,09:38:03,7.57,300,300,4500,S,1039401,7.57,1028782,7.57
1039858,09:38:04,7.57,400,400,4500,S,1039857,7.57,1028782,7.57
1046725,09:38:08,7.57,1400,1400,4500,S,1046724,7.57,1028782,7.57
1048061,09:38:09,7.57,1600,1600,4500,S,1048060,7.57,1028782,7.57
1048172,09:38:09,7.57,800,800,4500,S,1048171,7.57,1028782,7.57
1067108,09:38:24,7.56,1000,1700,1000,S,1067107,7.55,1009167,7.56
1067109,09:38:24,7.55,700,1700,8700,S,1067107,7.55,946560,7.55
1070014,09:38:26,7.56,1100,2300,1100,S,1070013,7.56,1069011,7.56
1084290,09:38:38,7.56,1000,2300,1000,B,1070013,7.56,1084289,7.56
1087923,09:38:41,7.55,1700,10000,8700,S,1087922,7.55,946560,7.55
1087924,09:38:41,7.55,8300,10000,10000,S,1087922,7.55,946572,7.55
1101397,09:38:52,7.55,1700,4000,10000,S,1101396,7.55,946572,7.55
1101398,09:38:52,7.55,500,4000,500,S,1101396,7.55,958793,7.55
1101399,09:38:52,7.55,1800,4000,2000,S,1101396,7.55,988701,7.55
1104330,09:38:55,7.55,200,200,2000,S,1104329,7.55,988701,7.55
1113607,09:39:03,7.55,1000,4000,1000,S,1113606,7.55,989860,7.55
1113608,09:39:03,7.55,500,4000,500,S,1113606,7.55,1026207,7.55
1113609,09:39:03,7.55,2500,4000,5000,S,1113606,7.55,1056324,7.55
1121638,09:39:10,7.56,200,2300,200,B,1070013,7.56,1121637,7.56
1152015,09:39:36,7.56,756,3056,756,B,1137868,7.56,1152013,7.56
1163050,09:39:46,7.55,2500,10000,5000,S,1163049,7.55,1056324,7.55
1163051,09:39:46,7.55,7500,10000,10000,S,1163049,7.55,1106709,7.55
1173432,09:39:56,7.55,2500,3000,10000,S,1173431,7.55,1106709,7.55
1173433,09:39:56,7.55,500,3000,1000,S,1173431,7.55,1129983,7.55
1174601,09:39:57,7.56,800,3056,800,B,1137868,7.56,1174600,7.56
1186505,09:40:07,7.55,200,200,1000,S,1186504,7.55,1129983,7.55
1194662,09:40:13,7.55,300,900,1000,S,1194661,7.55,1129983,7.55
1194663,09:40:13,7.55,600,900,6600,S,1194661,7.55,1193211,7.55
1223637,09:40:35,7.56,1500,3056,1500,B,1137868,7.56,1223636,7.56
1232466,09:40:41,7.55,2000,2000,6600,S,1232465,7.55,1193211,7.55
1247032,09:40:53,7.55,200,200,6600,S,1247031,7.55,1193211,7.55
1260655,09:41:04,7.55,3800,4500,6600,S,1260654,7.55,1193211,7.55
1260656,09:41:04,7.55,500,4500,500,S,1260654,7.55,1218565,7.55
1281264,09:41:22,7.55,200,4500,10000,B,1260654,7.55,1281263,7.55
1281265,09:41:22,7.55,7000,7000,10000,B,1261125,7.55,1281263,7.55
1281266,09:41:22,7.55,600,600,10000,B,1263055,7.55,1281263,7.55
1281267,09:41:22,7.55,2200,4000,10000,B,1273594,7.55,1281263,7.55
1299343,09:41:39,7.55,400,4000,400,B,1273594,7.55,1299342,7.55
1334741,09:42:14,7.55,1000,4000,1000,B,1273594,7.55,1334740,7.55
1335191,09:42:14,7.54,1100,7000,1700,S,1335190,7.54,867507,7.54
1335192,09:42:14,7.54,2000,7000,2000,S,1335190,7.54,871271,7.54
1335193,09:42:14,7.54,500,7000,500,S,1335190,7.54,931455,7.54
1335194,09:42:14,7.54,3000,7000,3000,S,1335190,7.54,1311883,7.54
1335195,09:42:14,7.54,400,7000,600,S,1335190,7.54,1315880,7.54
1338836,09:42:17,7.54,200,600,600,S,1338835,7.54,1315880,7.54
1355025,09:42:31,7.54,400,600,1000,B,1338835,7.54,1355024,7.54
1368905,09:42:44,7.54,200,200,1000,S,1368904,7.54,1355024,7.54
1371049,09:42:46,7.54,400,11400,1000,S,1371048,7.54,1355024,7.54
1373120,09:42:48,7.54,2000,11400,2000,B,1371048,7.54,1373119,7.54
1380454,09:42:55,7.53,100,100,400,S,1380453,7.53,958,7.53
1382410,09:42:57,7.53,100,100,400,S,1382409,7.53,958,7.53
1392166,09:43:07,7.54,9000,11400,30000,B,1371048,7.54,1392165,7.54
1407493,09:43:23,7.55,400,4000,500,B,1273594,7.55,1407492,7.55
1429786,09:43:45,7.55,50,50,500,S,1429785,7.55,1407492,7.55
1451875,09:44:08,7.55,50,5000,500,S,1451874,7.55,1407492,7.55
1451876,09:44:08,7.55,4950,5000,8000,S,1451874,7.55,1428686,7.55
1460642,09:44:18,7.55,1000,1000,8000,S,1460641,7.55,1428686,7.55
1462909,09:44:20,7.55,2050,17600,8000,S,1462908,7.55,1428686,7.55
1473780,09:44:32,7.55,15550,17600,30000,B,1462908,7.55,1473779,7.55
1473781,09:44:32,7.55,3000,3000,30000,B,1466000,7.55,1473779,7.55
1496494,09:44:56,7.55,200,200,30000,S,1496493,7.55,1473779,7.55
1510094,09:45:11,7.55,10000,10000,30000,S,1510093,7.55,1473779,7.55
1516512,09:45:17,7.55,1250,2750,30000,S,1516511,7.55,1473779,7.55
1557186,09:45:58,7.54,100,100,30000,S,1557185,7.54,1392165,7.54
1558499,09:45:59,7.54,200,200,30000,S,1558498,7.54,1392165,7.54
1570252,09:46:10,7.54,1600,1600,30000,S,1570251,7.54,1392165,7.54
1583017,09:46:24,7.55,1400,2750,1400,B,1516511,7.55,1583016,7.55
1589397,09:46:30,7.55,100,2750,100,B,1516511,7.55,1589396,7.55
1614865,09:46:55,7.54,200,200,30000,S,1614864,7.54,1392165,7.54
1635046,09:47:15,7.54,17900,17900,30000,S,1635045,7.54,1392165,7.54
1637243,09:47:18,7.54,1000,2100,30000,S,1637242,7.54,1392165,7.54
1637245,09:47:18,7.54,100,2100,100,S,1637242,7.54,1481173,7.54
1637246,09:47:18,7.54,1000,2100,1000,S,1637242,7.54,1507788,7.54
1648378,09:47:28,7.53,200,10000,400,S,1648377,7.53,958,7.53
1648379,09:47:28,7.53,1800,10000,1800,S,1648377,7.53,38773,7.53
1648380,09:47:28,7.53,200,10000,200,S,1648377,7.53,73550,7.53
1648381,09:47:28,7.53,500,10000,500,S,1648377,7.53,223796,7.53
1648382,09:47:28,7.53,500,10000,500,S,1648377,7.53,631553,7.53
1648383,09:47:28,7.53,2500,10000,2500,S,1648377,7.53,761505,7.53
1648384,09:47:28,7.53,1000,10000,1000,S,1648377,7.53,889328,7.53
1648385,09:47:28,7.53,600,10000,600,S,1648377,7.53,1375497,7.53
1648386,09:47:28,7.53,2700,10000,3000,S,1648377,7.53,1385859,7.53
1664823,09:47:44,7.53,300,4800,3000,S,1664822,7.52,1385859,7.53
1664824,09:47:44,7.52,1000,4800,1000,S,1664822,7.52,49874,7.52
1664825,09:47:44,7.52,1700,4800,1700,S,1664822,7.52,131119,7.52
1664826,09:47:44,7.52,1800,4800,2500,S,1664822,7.52,303928,7.52
1671743,09:47:51,7.52,700,24800,2500,S,1671742,7.52,303928,7.52
1671744,09:47:51,7.52,300,24800,300,S,1671742,7.52,347540,7.52
1671745,09:47:51,7.52,900,24800,900,S,1671742,7.52,594750,7.52
1671746,09:47:51,7.52,5000,24800,5000,S,1671742,7.52,869282,7.52
1671747,09:47:51,7.52,4000,24800,4000,S,1671742,7.52,878429,7.52
1671748,09:47:51,7.52,1300,24800,1300,S,1671742,7.52,882047,7.52
1671749,09:47:51,7.52,300,24800,300,S,1671742,7.52,1129284,7.52
1681867,09:48:00,7.51,2000,11500,2000,S,1681866,7.51,57743,7.51
1681868,09:48:00,7.51,1500,11500,1500,S,1681866,7.51,185437,7.51
1681869,09:48:00,7.51,500,11500,500,S,1681866,7.51,223792,7.51
1681870,09:48:00,7.51,400,11500,400,S,1681866,7.51,229587,7.51
1681871,09:48:00,7.51,6100,11500,6100,S,1681866,7.51,236370,7.51
1681872,09:48:00,7.51,300,11500,300,S,1681866,7.51,944315,7.51
1681873,09:48:00,7.51,700,11500,3000,S,1681866,7.51,1629231,7.51
1689113,09:48:07,7.51,2300,50000,3000,S,1689112,7.5,1629231,7.51
1689114,09:48:07,7.5,100,50000,100,S,1689112,7.5,67413,7.5
1689115,09:48:07,7.5,1000,50000,1000,S,1689112,7.5,257890,7.5
1689116,09:48:07,7.5,1000,50000,1000,S,1689112,7.5,349824,7.5
1689117,09:48:07,7.5,2000,50000,2000,S,1689112,7.5,440064,7.5
1689118,09:48:07,7.5,3000,50000,3000,S,1689112,7.5,441488,7.5
1689119,09:48:07,7.5,2000,50000,2000,S,1689112,7.5,450254,7.5
1689120,09:48:07,7.5,1000,50000,1000,S,1689112,7.5,570265,7.5
1689121,09:48:07,7.5,700,50000,700,S,1689112,7.5,724507,7.5
1689122,09:48:07,7.5,5000,50000,5000,S,1689112,7.5,958619,7.5
1689123,09:48:07,7.5,700,50000,700,S,1689112,7.5,1237165,7.5
1689124,09:48:07,7.5,4000,50000,4000,S,1689112,7.5,1321370,7.5
1689125,09:48:07,7.5,5000,50000,5000,S,1689112,7.5,1556485,7.5
1694366,09:48:12,7.49,700,700,1000,S,1694365,7.49,193335,7.49
1694400,09:48:12,7.49,300,2000,1000,S,1694399,7.49,193335,7.49
1694401,09:48:12,7.49,1700,2000,6500,S,1694399,7.49,1689174,7.49
1699273,09:48:17,7.49,400,400,6500,S,1699272,7.49,1689174,7.49
1699930,09:48:18,7.49,3000,3000,6500,S,1699929,7.49,1689174,7.49
1700336,09:48:18,7.49,700,700,6500,S,1700335,7.49,1689174,7.49
1706511,09:48:24,7.5,300,50000,300,B,1689112,7.5,1706510,7.5
1713386,09:48:31,7.49,400,400,6500,S,1713385,7.49,1689174,7.49
1727689,09:48:46,7.49,300,5400,6500,S,1727688,7.49,1689174,7.49
1727690,09:48:46,7.49,5100,5400,5500,S,1727688,7.49,1699987,7.49
1727808,09:48:46,7.49,400,7900,5500,S,1727807,7.49,1699987,7.49
1727809,09:48:46,7.49,3000,7900,3000,S,1727807,7.49,1712037,7.49
1727810,09:48:46,7.49,1000,7900,1000,S,1727807,7.49,1720459,7.49
1727811,09:48:46,7.49,100,7900,100,S,1727807,7.49,1723020,7.49
1730559,09:48:49,7.49,1000,7900,1000,B,1727807,7.49,1730558,7.49
1736879,09:48:56,7.48,200,200,1700,S,1736878,7.48,1088423,7.48
1737375,09:48:57,7.49,1500,7900,1500,B,1727807,7.49,1737374,7.49
1737904,09:48:57,7.49,900,7900,2000,B,1727807,7.49,1737903,7.49
1750785,09:49:11,7.49,200,200,2000,S,1750784,7.49,1737903,7.49
1753769,09:49:14,7.5,5000,50000,5000,B,1689112,7.5,1753768,7.5
1756541,09:49:17,7.5,2300,50000,2300,B,1689112,7.5,1756540,7.5
1757478,09:49:18,7.5,8800,50000,8800,B,1689112,7.5,1757477,7.5
1760474,09:49:21,7.5,5000,50000,5000,B,1689112,7.5,1760473,7.5
1761386,09:49:22,7.5,800,50000,10000,B,1689112,7.5,1761385,7.5
1761387,09:49:22,7.5,2100,2100,10000,B,1698429,7.5,1761385,7.5
1762675,09:49:23,7.5,7100,23834,10000,S,1762674,7.49,1761385,7.5
1762676,09:49:23,7.5,2900,23834,2900,S,1762674,7.49,1761585,7.5
1762677,09:49:23,7.49,900,23834,2000,S,1762674,7.49,1737903,7.49
1762678,09:49:23,7.49,12934,23834,30000,S,1762674,7.49,1753244,7.49
1763924,09:49:25,7.5,700,700,8800,S,1763923,7.5,1762847,7.5
1780950,09:49:44,7.5,8100,59300,8800,S,1780949,7.48,1762847,7.5
1780951,09:49:44,7.5,10000,59300,10000,S,1780949,7.48,1763276,7.5
1780952,09:49:44,7.5,8000,59300,8000,S,1780949,7.48,1766607,7.5
1780953,09:49:44,7.5,5000,59300,5000,S,1780949,7.48,1770568,7.5
1780954,09:49:44,7.49,17066,59300,30000,S,1780949,7.48,1753244,7.49
1780955,09:49:44,7.49,4000,59300,4000,S,1780949,7.48,1774342,7.49
1780956,09:49:44,7.48,1500,59300,1700,S,1780949,7.48,1088423,7.48
1780957,09:49:44,7.48,4200,59300,4200,S,1780949,7.48,1707540,7.48
1780958,09:49:44,7.48,1000,59300,1000,S,1780949,7.48,1745364,7.48
1780959,09:49:44,7.48,434,59300,434,S,1780949,7.48,1749778,7.48
1790876,09:49:54,7.51,500,500,500,S,1790875,7.51,1785149,7.51
1801795,09:50:05,7.49,400,5000,400,S,1801794,7.49,1790282,7.49
1801796,09:50:05,7.49,4600,5000,4600,S,1801794,7.49,1798718,7.49
1833749,09:50:39,7.5,600,600,2900,S,1833748,7.5,1808117,7.5
1840084,09:50:47,7.5,400,400,2900,S,1840083,7.5,1808117,7.5
1840734,09:50:48,7.52,8300,24800,8300,B,1671742,7.52,1840733,7.52
1847232,09:50:55,7.5,200,200,2900,S,1847231,7.5,1808117,7.5
1848308,09:50:56,7.5,100,100,2900,S,1848307,7.5,1808117,7.5
1849239,09:50:58,7.5,1600,3644,2900,S,1849238,7.5,1808117,7.5
1849240,09:50:58,7.5,2044,3644,8400,S,1849238,7.5,1821050,7.5
1871837,09:51:23,7.5,1500,1500,8400,S,1871836,7.5,1821050,7.5
1878694,09:51:31,7.5,4856,8650,8400,S,1878693,7.5,1821050,7.5
1878695,09:51:31,7.5,3000,8650,3000,S,1878693,7.5,1839732,7.5
1878696,09:51:31,7.5,794,8650,3000,S,1878693,7.5,1856314,7.5
1904579,09:51:58,7.52,500,24800,500,B,1671742,7.52,1904578,7.52
1908062,09:52:02,7.51,1000,1000,1000,S,1908061,7.51,1892109,7.51
1915772,09:52:10,7.52,700,24800,700,B,1671742,7.52,1915771,7.52
1919085,09:52:14,7.52,600,24800,600,B,1671742,7.52,1919084,7.52
1928148,09:52:24,7.52,400,24800,400,B,1671742,7.52,1928147,7.52
1928327,09:52:24,7.52,1800,24800,2200,B,1671742,7.52,1928326,7.54
1928328,09:52:24,7.54,400,1000,2200,B,1832682,7.54,1928326,7.54
1936159,09:52:33,7.54,600,1000,2000,B,1832682,7.54,1936158,7.54
1936160,09:52:33,7.54,1400,3200,2000,B,1865138,7.54,1936158,7.54
1940160,09:52:38,7.54,1800,3200,2000,B,1865138,7.54,1940159,7.54
1940161,09:52:38,7.54,200,6100,2000,B,1872035,7.54,1940159,7.54
1955715,09:52:57,7.54,2000,6100,2000,B,1872035,7.54,1955714,7.54
1961191,09:53:03,7.53,200,200,700,B,1959147,7.53,1961190,7.53
1961192,09:53:03,7.53,500,2500,700,B,1959474,7.53,1961190,7.53
1963667,09:53:06,7.53,2000,2500,2000,B,1959474,7.53,1963666,7.53
1977804,09:53:24,7.53,500,10000,500,B,1965814,7.53,1977803,7.53
1986849,09:53:35,7.52,3300,3800,3300,S,1986848,7.52,1972829,7.52
1986850,09:53:35,7.52,500,3800,1400,S,1986848,7.52,1984147,7.52
1992488,09:53:42,7.53,500,10000,500,B,1965814,7.53,1992487,7.53
2030099,09:54:26,7.52,200,200,1400,S,2030098,7.52,1984147,7.52
2049219,09:54:48,7.52,700,2400,1400,S,2049218,7.52,1984147,7.52
2049220,09:54:48,7.52,700,2400,700,S,2049218,7.52,1987931,7.52
2049221,09:54:48,7.52,1000,2400,5000,S,2049218,7.52,2001011,7.52
2058050,09:54:58,7.52,200,200,5000,S,2058049,7.52,2001011,7.52
2074042,09:55:16,7.52,100,100,5000,S,2074041,7.52,2001011,7.52
2087872,09:55:33,7.53,2000,10000,2000,B,1965814,7.53,2087871,7.53
2097869,09:55:44,7.53,2100,10000,2100,B,1965814,7.53,2097868,7.53
2117236,09:56:06,7.52,3700,10000,5000,S,2117235,7.52,2001011,7.52
2117237,09:56:06,7.52,1800,10000,1800,S,2117235,7.52,2006667,7.52
2117238,09:56:06,7.52,1000,10000,1000,S,2117235,7.52,2022357,7.52
2117239,09:56:06,7.52,1100,10000,1100,S,2117235,7.52,2050181,7.52
2117240,09:56:06,7.52,2400,10000,4200,S,2117235,7.52,2051489,7.52
2157977,09:56:53,7.52,100,100,4200,S,2157976,7.52,2051489,7.52
2207237,09:57:50,7.52,1700,43500,4200,S,2207236,7.51,2051489,7.52
2207238,09:57:50,7.52,600,43500,600,S,2207236,7.51,2087333,7.52
2207239,09:57:50,7.52,14100,43500,14100,S,2207236,7.51,2114598,7.52
2207240,09:57:50,7.52,1700,43500,1700,S,2207236,7.51,2119153,7.52
2207241,09:57:50,7.52,2100,43500,2100,S,2207236,7.51,2119288,7.52
2207242,09:57:50,7.51,200,43500,200,S,2207236,7.51,1895389,7.51
2207243,09:57:50,7.51,600,43500,600,S,2207236,7.51,1962565,7.51
2207244,09:57:50,7.51,2000,43500,2000,S,2207236,7.51,2025078,7.51
2207245,09:57:50,7.51,4000,43500,4000,S,2207236,7.51,2107814,7.51
2207246,09:57:50,7.51,2200,43500,2200,S,2207236,7.51,2124081,7.51
2207247,09:57:50,7.51,6400,43500,6400,S,2207236,7.51,2184434,7.51
2207530,09:57:50,7.51,7900,43500,7900,B,2207236,7.51,2207529,7.51
2224622,09:58:11,7.52,7000,7000,13100,B,2209092,7.52,2224621,7.53
2224623,09:58:11,7.53,4900,10000,13100,B,1965814,7.53,2224621,7.53
2224624,09:58:11,7.53,130,130,13100,B,2015330,7.53,2224621,7.53
2224625,09:58:11,7.53,1070,1300,13100,B,2197941,7.53,2224621,7.53
2224627,09:58:11,7.53,230,1300,14900,B,2197941,7.53,2224626,7.53
2255747,09:58:50,7.53,1000,1000,14900,S,2255746,7.53,2224626,7.53
2259061,09:58:54,7.53,100,100,14900,S,2259060,7.53,2224626,7.53
2261493,09:58:57,7.53,200,200,14900,S,2261492,7.53,2224626,7.53
2263914,09:59:00,7.53,500,500,14900,S,2263913,7.53,2224626,7.53
2263916,09:59:00,7.53,500,500,14900,S,2263915,7.53,2224626,7.53
2263918,09:59:00,7.53,500,500,14900,S,2263917,7.53,2224626,7.53
2263920,09:59:00,7.53,400,400,14900,S,2263919,7.53,2224626,7.53
2264109,09:59:00,7.53,2500,2500,14900,S,2264108,7.53,2224626,7.53
2282164,09:59:24,7.53,8970,10000,14900,S,2282163,7.53,2224626,7.53
2282165,09:59:24,7.53,1030,10000,4930,S,2282163,7.53,2224637,7.53
2283289,09:59:26,7.54,1800,6100,1800,B,1872035,7.54,2283288,7.54
2287555,09:59:32,7.54,2100,6100,2100,B,1872035,7.54,2287554,7.54
2290564,09:59:36,7.53,1700,1700,4930,S,2290563,7.53,2224637,7.53
2302222,09:59:53,7.54,300,300,1200,B,2301233,7.54,2302221,7.54
2330586,10:00:33,7.54,600,600,1200,S,2330585,7.54,2302221,7.54
2347596,10:00:57,7.54,200,200,1200,S,2347595,7.54,2302221,7.54
2375252,10:01:35,7.55,100,500,100,B,1593787,7.55,2375251,7.55
2388627,10:01:55,7.54,100,30000,1200,S,2388626,7.54,2302221,7.54
2388628,10:01:55,7.54,3600,30000,3600,S,2388626,7.54,2325279,7.54
2388629,10:01:55,7.54,1200,30000,1200,S,2388626,7.54,2339650,7.54
2397906,10:02:08,7.53,1600,1600,4930,S,2397905,7.53,2224637,7.53
2399612,10:02:10,7.53,400,400,4930,S,2399611,7.53,2224637,7.53
2401651,10:02:13,7.54,19300,30000,19300,B,2388626,7.54,2401650,7.54
2411327,10:02:28,7.54,5800,30000,10000,B,2388626,7.54,2411326,7.54
2411328,10:02:28,7.54,600,600,10000,B,2408544,7.54,2411326,7.54
2411606,10:02:28,7.54,3600,3600,10000,S,2411605,7.54,2411326,7.54
2426321,10:02:50,7.55,400,500,10000,B,1593787,7.55,2426320,7.55
2426322,10:02:50,7.55,2900,2900,10000,B,1641255,7.55,2426320,7.55
2426323,10:02:50,7.55,4200,4200,10000,B,1861138,7.55,2426320,7.55
2426324,10:02:50,7.55,2500,10000,10000,B,2287763,7.55,2426320,7.55
2429055,10:02:54,7.53,200,200,4930,S,2429054,7.53,2224637,7.53
2479706,10:04:08,7.54,1500,1500,3000,B,2472134,7.54,2479705,7.54
2492394,10:04:27,7.55,6000,10000,6000,B,2287763,7.55,2492393,7.55
2516589,10:05:00,7.54,200,200,3000,S,2516588,7.54,2479705,7.54
2516611,10:05:00,7.54,100,100,3000,S,2516610,7.54,2479705,7.54
2516800,10:05:00,7.54,100,100,3000,S,2516799,7.54,2479705,7.54
2558303,10:05:58,7.55,1500,10000,8000,B,2287763,7.55,2558302,7.55
2558304,10:05:58,7.55,1700,1700,8000,B,2297329,7.55,2558302,7.55
2558305,10:05:58,7.55,4800,32800,8000,B,2396531,7.55,2558302,7.55
2562530,10:06:04,7.55,1000,32800,1000,B,2396531,7.55,2562529,7.55
2598402,10:06:59,7.54,200,200,3000,S,2598401,7.54,2479705,7.54
2598894,10:07:00,7.54,100,100,3000,S,2598893,7.54,2479705,7.54
2604494,10:07:08,7.54,800,3100,3000,S,2604493,7.54,2479705,7.54
2604495,10:07:08,7.54,2300,3100,5600,S,2604493,7.54,2536257,7.54
2644601,10:08:07,7.54,2200,2200,5600,S,2644600,7.54,2536257,7.54
2649128,10:08:13,7.55,20000,32800,20000,B,2396531,7.55,2649127,7.55
2649741,10:08:13,7.55,7000,32800,7100,B,2396531,7.55,2649740,7.55
2649742,10:08:13,7.55,100,100,7100,B,2587868,7.55,2649740,7.55
2667746,10:08:34,7.56,8736,8736,9200,B,2001139,7.56,2667745,7.56
2667747,10:08:34,7.56,464,500,9200,B,2023607,7.56,2667745,7.56
2683134,10:08:54,7.55,100,100,2000,S,2683133,7.55,2667082,7.55
2731482,10:09:56,7.56,36,500,2300,B,2023607,7.56,2731481,7.56
2735539,10:10:02,7.57,10000,10000,10000,B,2095115,7.57,2735538,7.57
2766800,10:10:43,7.58,1000,6800,1000,B,169800,7.58,2766799,7.58
2767480,10:10:44,7.57,3100,3100,3900,S,2767479,7.57,2744805,7.57
2777996,10:10:59,7.57,200,200,3900,S,2777995,7.57,2744805,7.57
2796930,10:11:27,7.58,900,6800,2000,B,169800,7.58,2796929,7.58
2796931,10:11:27,7.58,1100,5000,2000,B,1021652,7.58,2796929,7.58
2815290,10:11:54,7.57,600,1200,3900,S,2815289,7.57,2744805,7.57
2815291,10:11:54,7.57,600,1200,600,S,2815289,7.57,2801264,7.57
2817703,10:11:58,7.56,1200,1200,2300,S,2817702,7.56,2731481,7.56
2854425,10:12:54,7.57,200,200,500,S,2854424,7.57,2845601,7.57
2899978,10:14:07,7.57,300,30000,500,S,2899977,7.57,2845601,7.57
2923781,10:14:44,7.56,100,100,2300,S,2923780,7.56,2731481,7.56
2923964,10:14:45,7.56,200,200,2300,S,2923963,7.56,2731481,7.56
2925959,10:14:47,7.56,764,25000,2300,S,2925958,7.56,2731481,7.56
2925960,10:14:47,7.56,100,25000,100,S,2925958,7.56,2778420,7.56
2925961,10:14:47,7.56,1000,25000,1000,S,2925958,7.56,2798466,7.56
2925962,10:14:47,7.56,10000,25000,10000,S,2925958,7.56,2810321,7.56
2925963,10:14:47,7.56,13136,25000,19800,S,2925958,7.56,2825376,7.56
2927237,10:14:50,7.56,200,200,19800,S,2927236,7.56,2825376,7.56
2930907,10:14:55,7.56,200,200,19800,S,2930906,7.56,2825376,7.56
2933808,10:15:00,7.56,3800,3800,19800,S,2933807,7.56,2825376,7.56
2934020,10:15:00,7.56,1218,1218,19800,S,2934019,7.56,2825376,7.56
2934897,10:15:02,7.56,1246,1600,19800,S,2934896,7.56,2825376,7.56
2934898,10:15:02,7.56,300,1600,300,S,2934896,7.56,2828663,7.56
2985631,10:16:30,7.56,54,1600,43654,B,2934896,7.56,2985630,7.57
2985632,10:16:30,7.56,100,100,43654,B,2935120,7.56,2985630,7.57
2985633,10:16:30,7.56,6400,6400,43654,B,2944810,7.56,2985630,7.57
2985634,10:16:30,7.56,2800,2800,43654,B,2950143,7.56,2985630,7.57
2985635,10:16:30,7.56,2000,2000,43654,B,2963772,7.56,2985630,7.57
2985636,10:16:30,7.57,29700,30000,43654,B,2899977,7.57,2985630,7.57
2985637,10:16:30,7.57,2400,2400,43654,B,2922537,7.57,2985630,7.57
2995705,10:16:48,7.58,3900,5000,12000,B,1021652,7.58,2995704,7.59
2995706,10:16:48,7.58,1000,1000,12000,B,1769966,7.58,2995704,7.59
2995707,10:16:48,7.58,1000,1000,12000,B,1840654,7.58,2995704,7.59
2995708,10:16:48,7.58,700,700,12000,B,1976067,7.58,2995704,7.59
2995709,10:16:48,7.58,3000,3000,12000,B,2747978,7.58,2995704,7.59
2995710,10:16:48,7.59,1100,1100,12000,B,177708,7.59,2995704,7.59
2995711,10:16:48,7.59,1300,4000,12000,B,1873709,7.59,2995704,7.59
3000127,10:16:57,7.57,200,200,43654,S,3000126,7.57,2985630,7.57
3013559,10:17:20,7.58,500,500,1000,S,3013558,7.58,3004040,7.58
3030199,10:17:53,7.58,500,500,1000,S,3030198,7.58,3004040,7.58
3045517,10:18:21,7.59,2700,4000,32900,B,1873709,7.59,3045516,7.6
3045518,10:18:21,7.59,500,500,32900,B,2293003,7.59,3045516,7.6
3045519,10:18:21,7.59,3000,3000,32900,B,2854570,7.59,3045516,7.6
3045520,10:18:21,7.59,100,100,32900,B,2856660,7.59,3045516,7.6
3045521,10:18:21,7.6,8000,8000,32900,B,143469,7.6,3045516,7.6
3045522,10:18:21,7.6,3000,3000,32900,B,1277532,7.6,3045516,7.6
3045523,10:18:21,7.6,2000,2000,32900,B,1716488,7.6,3045516,7.6
3045524,10:18:21,7.6,2000,2000,32900,B,1924569,7.6,3045516,7.6
3045525,10:18:21,7.6,1000,1000,32900,B,2816442,7.6,3045516,7.6
3051052,10:18:31,7.6,10000,10000,32900,S,3051051,7.6,3045516,7.6
3052672,10:18:34,7.6,400,400,32900,S,3052671,7.6,3045516,7.6
3055072,10:18:38,7.63,2200,4600,2200,B,1415672,7.63,3055071,7.63
3065209,10:18:57,7.6,200,200,32900,S,3065208,7.6,3045516,7.6
3068196,10:19:02,7.63,2400,4600,10000,B,1415672,7.63,3068195,7.63
3068197,10:19:02,7.63,1000,1000,10000,B,3065103,7.63,3068195,7.63
3071276,10:19:08,7.63,500,500,10000,S,3071275,7.63,3068195,7.63
3075120,10:19:14,7.63,6000,6000,10000,S,3075119,7.63,3068195,7.63
3075910,10:19:16,7.63,100,500,10000,S,3075909,7.63,3068195,7.63
3075911,10:19:16,7.63,400,500,400,S,3075909,7.63,3068459,7.63
3076660,10:19:17,7.64,700,1300,700,B,2749857,7.64,3076659,7.64
3090561,10:19:42,7.63,100,100,500,B,3077509,7.63,3090560,7.63
3090562,10:19:42,7.63,400,1000,500,B,3086740,7.63,3090560,7.63
3096132,10:19:51,7.63,600,1000,8200,B,3086740,7.63,3096131,7.65
3096133,10:19:51,7.64,600,1300,8200,B,2749857,7.64,3096131,7.65
3096134,10:19:51,7.64,1700,1700,8200,B,3075197,7.64,3096131,7.65
3096135,10:19:51,7.64,2000,2000,8200,B,3094405,7.64,3096131,7.65
3096136,10:19:51,7.65,3300,4000,8200,B,99498,7.65,3096131,7.65
3096200,10:19:51,7.61,100,2400,100,S,3096199,7.6,3095986,7.61
3096201,10:19:51,7.6,1600,2400,1600,S,3096199,7.6,3087916,7.6
3096202,10:19:51,7.6,700,2400,5200,S,3096199,7.6,3088855,7.6
3105037,10:20:04,7.63,1000,1000,2000,B,3099839,7.63,3105036,7.64
3105038,10:20:04,7.64,1000,1400,2000,B,3097847,7.64,3105036,7.64
3113320,10:20:17,7.64,100,1400,100,B,3097847,7.64,3113319,7.64
3124288,10:20:34,7.64,300,1400,10000,B,3097847,7.64,3124287,7.64
3124289,10:20:34,7.64,1200,1200,10000,B,3116135,7.64,3124287,7.64
3124290,10:20:34,7.64,700,700,10000,B,3116940,7.64,3124287,7.64
3124291,10:20:34,7.64,500,500,10000,B,3119617,7.64,3124287,7.64
3124893,10:20:35,7.64,7300,7300,10000,S,3124892,7.64,3124287,7.64
3137351,10:20:56,7.62,800,800,800,B,3133951,7.62,3137350,7.62
3137753,10:20:57,7.61,200,200,700,S,3137752,7.61,3114603,7.61
3158262,10:21:31,7.61,500,10000,700,S,3158261,7.61,3114603,7.61
3158263,10:21:31,7.61,400,10000,400,S,3158261,7.61,3148341,7.61
3158264,10:21:31,7.61,5000,10000,5000,S,3158261,7.61,3157998,7.61
3202674,10:22:53,7.6,1000,1000,5200,S,3202673,7.6,3088855,7.6
3204352,10:22:56,7.6,100,100,5200,S,3204351,7.6,3088855,7.6
3207835,10:23:01,7.6,100,100,5200,S,3207834,7.6,3088855,7.6
3215502,10:23:16,7.6,2100,2100,5200,S,3215501,7.6,3088855,7.6
3216433,10:23:18,7.6,1200,20000,5200,S,3216432,7.6,3088855,7.6
3216434,10:23:18,7.6,7200,20000,7200,S,3216432,7.6,3160621,7.6
3216435,10:23:18,7.6,5300,20000,5300,S,3216432,7.6,3160996,7.6
3216436,10:23:18,7.6,2400,20000,2400,S,3216432,7.6,3167279,7.6
3228228,10:23:41,7.6,3900,20000,19000,B,3216432,7.6,3228227,7.65
3228229,10:23:41,7.61,4100,10000,19000,B,3158261,7.61,3228227,7.65
3228230,10:23:41,7.61,1400,1400,19000,B,3212553,7.61,3228227,7.65
3228231,10:23:41,7.63,4700,4700,19000,B,3132296,7.63,3228227,7.65
3228232,10:23:41,7.63,100,100,19000,B,3184154,7.63,3228227,7.65
3228233,10:23:41,7.64,2000,2000,19000,B,3133383,7.64,3228227,7.65
3228234,10:23:41,7.64,500,500,19000,B,3134533,7.64,3228227,7.65
3228235,10:23:41,7.65,700,4000,19000,B,99498,7.65,3228227,7.65
3228236,10:23:41,7.65,500,500,19000,B,1938233,7.65,3228227,7.65
3228237,10:23:41,7.65,100,100,19000,B,3132292,7.65,3228227,7.65
3228238,10:23:41,7.65,1000,1000,19000,B,3182557,7.65,3228227,7.65
3255704,10:24:33,7.6,300,300,2400,S,3255703,7.6,3238730,7.6
3267669,10:24:57,7.6,2100,4500,2400,S,3267668,7.6,3238730,7.6
3267670,10:24:57,7.6,2400,4500,7800,S,3267668,7.6,3242165,7.6
3268576,10:24:59,7.6,200,200,7800,S,3268575,7.6,3242165,7.6
3295680,10:25:56,7.62,200,200,1000,B,3285549,7.62,3295679,7.62
3313915,10:26:37,7.62,800,5000,1000,S,3313914,7.62,3295679,7.62
3313916,10:26:37,7.62,4200,5000,10000,S,3313914,7.62,3310789,7.62
3324083,10:26:59,7.62,200,200,10000,S,3324082,7.62,3310789,7.62
3338149,10:27:31,7.63,2700,2700,36200,B,3296037,7.63,3338148,7.65
3338150,10:27:31,7.63,1900,1900,36200,B,3319858,7.63,3338148,7.65
3338151,10:27:31,7.64,10000,10000,36200,B,3241971,7.64,3338148,7.65
3338152,10:27:31,7.64,300,300,36200,B,3265682,7.64,3338148,7.65
3338153,10:27:31,7.64,500,500,36200,B,3317716,7.64,3338148,7.65
3338154,10:27:31,7.65,4000,4000,36200,B,3250448,7.65,3338148,7.65
3338155,10:27:31,7.65,1700,1700,36200,B,3261110,7.65,3338148,7.65
3338156,10:27:31,7.65,500,500,36200,B,3325397,7.65,3338148,7.65
3338676,10:27:33,7.65,12400,12400,36200,S,3338675,7.65,3338148,7.65
3338679,10:27:33,7.65,500,500,36200,S,3338678,7.65,3338148,7.65
3338681,10:27:33,7.65,500,500,36200,S,3338680,7.65,3338148,7.65
3338683,10:27:33,7.65,500,500,36200,S,3338682,7.65,3338148,7.65
3338685,10:27:33,7.65,500,500,36200,S,3338684,7.65,3338148,7.65
3338687,10:27:33,7.65,200,3100,36200,S,3338686,7.65,3338148,7.65
3338688,10:27:33,7.65,2900,3100,7300,S,3338686,7.65,3338163,7.65
3338884,10:27:33,7.65,4400,10800,7300,S,3338883,7.65,3338163,7.65
3338885,10:27:33,7.65,6400,10800,6400,S,3338883,7.65,3338164,7.65
3338922,10:27:33,7.62,5500,5500,10000,S,3338921,7.62,3310789,7.62
3376882,10:28:59,7.63,200,200,300,S,3376881,7.63,3366809,7.63
3382713,10:29:12,7.64,1000,1000,10000,B,3374331,7.64,3382712,7.64
3382714,10:29:12,7.64,9000,10000,10000,B,3375482,7.64,3382712,7.64
3384271,10:29:15,7.63,100,2400,300,S,3384270,7.63,3366809,7.63
3384272,10:29:15,7.63,2300,2400,5000,S,3384270,7.63,3378392,7.63
3388710,10:29:24,7.63,2700,3700,5000,S,3388709,7.63,3378392,7.63
3396454,10:29:41,7.63,1000,3700,1000,B,3388709,7.63,3396453,7.63
3414385,10:30:20,7.63,2000,7500,2000,B,3397820,7.63,3414384,7.63
3414967,10:30:21,7.63,5500,7500,7700,B,3397820,7.63,3414966,7.63
3416708,10:30:25,7.63,2200,10000,7700,S,3416707,7.63,3414966,7.63
3416709,10:30:25,7.63,7000,10000,7000,S,3416707,7.63,3415441,7.63
3421365,10:30:35,7.63,800,10000,15000,B,3416707,7.63,3421364,7.63
3432971,10:30:59,7.63,200,200,15000,S,3432970,7.63,3421364,7.63
3436820,10:31:07,7.64,1000,10000,3000,B,3375482,7.64,3436819,7.64
3436821,10:31:07,7.64,2000,8000,3000,B,3396876,7.64,3436819,7.64
3443185,10:31:18,7.63,1500,1500,15000,S,3443184,7.63,3421364,7.63
3444782,10:31:21,7.63,100,100,15000,S,3444781,7.63,3421364,7.63
3450136,10:31:32,7.64,1000,8000,1000,B,3396876,7.64,3450135,7.64
3451860,10:31:35,7.64,5000,8000,15000,B,3396876,7.64,3451859,7.64
3451861,10:31:35,7.64,1000,1000,15000,B,3436090,7.64,3451859,7.64
3451862,10:31:35,7.64,1100,1100,15000,B,3441641,7.64,3451859,7.64
3451863,10:31:35,7.64,7900,8000,15000,B,3447194,7.64,3451859,7.64
3452539,10:31:36,7.64,100,8000,700,B,3447194,7.64,3452538,7.64
3452540,10:31:36,7.64,600,600,700,B,3448261,7.64,3452538,7.64
3460525,10:31:52,7.65,3800,3800,13000,B,3344372,7.65,3460524,7.65
3460526,10:31:52,7.65,9000,9000,13000,B,3388439,7.65,3460524,7.65
3460527,10:31:52,7.65,200,1300,13000,B,3446541,7.65,3460524,7.65
3471746,10:32:15,7.65,1000,1300,1000,B,3446541,7.65,3471745,7.65
3476578,10:32:25,7.64,300,300,10000,S,3476577,7.64,3467829,7.64
3491852,10:32:57,7.64,200,200,10000,S,3491851,7.64,3467829,7.64
3492086,10:32:57,7.64,100,100,10000,S,3492085,7.64,3467829,7.64
3494086,10:33:01,7.64,100,100,10000,S,3494085,7.64,3467829,7.64
3494144,10:33:02,7.64,9300,10000,10000,S,3494143,7.64,3467829,7.64
3496809,10:33:07,7.64,300,10000,300,B,3494143,7.64,3496808,7.64
3500789,10:33:15,7.64,400,10000,600,B,3494143,7.64,3500788,7.65
3500790,10:33:15,7.65,100,1300,600,B,3446541,7.65,3500788,7.65
3500791,10:33:15,7.65,100,8600,600,B,3467285,7.65,3500788,7.65
3520913,10:33:56,7.64,400,8000,400,B,3516555,7.64,3520912,7.64
3527137,10:34:08,7.63,3200,3200,15000,S,3527136,7.63,3421364,7.63
3553880,10:35:00,7.63,200,200,15000,S,3553879,7.63,3421364,7.63
3567311,10:35:24,7.63,1900,1900,15000,S,3567310,7.63,3421364,7.63
3575871,10:35:39,7.63,1700,1700,15000,S,3575870,7.63,3421364,7.63
3576075,10:35:40,7.63,5000,5000,15000,S,3576074,7.63,3421364,7.63
3582390,10:35:51,7.64,7600,8000,20400,B,3516555,7.64,3582389,7.64
3582391,10:35:51,7.64,7400,7400,20400,B,3537463,7.64,3582389,7.64
3594281,10:36:14,7.64,700,700,20400,S,3594280,7.64,3582389,7.64
3597428,10:36:19,7.64,1000,1000,20400,S,3597427,7.64,3582389,7.64
3598183,10:36:21,7.65,400,8600,400,B,3467285,7.65,3598182,7.65
3615019,10:36:50,7.65,4300,8600,4300,B,3467285,7.65,3615018,7.65
3620773,10:37:00,7.64,100,100,20400,S,3620772,7.64,3582389,7.64
3631312,10:37:18,7.64,3600,6100,20400,S,3631311,7.64,3582389,7.64
3636903,10:37:28,7.64,600,6100,600,B,3631311,7.64,3636902,7.64
3643852,10:37:41,7.63,400,600,15000,S,3643851,7.63,3421364,7.63
3643853,10:37:41,7.63,200,600,2000,S,3643851,7.63,3450514,7.63
3688451,10:39:00,7.63,200,200,2000,S,3688450,7.63,3450514,7.63
3689116,10:39:01,7.64,1900,6100,2000,B,3631311,7.64,3689115,7.64
3689117,10:39:01,7.64,100,500,2000,B,3642250,7.64,3689115,7.64
3705949,10:39:29,7.64,400,500,400,B,3642250,7.64,3705948,7.64
3707012,10:39:30,7.64,300,300,10000,B,3648679,7.64,3707011,7.64
3707013,10:39:30,7.64,2000,2000,10000,B,3658527,7.64,3707011,7.64
3707014,10:39:30,7.64,1000,1000,10000,B,3686557,7.64,3707011,7.64
3707015,10:39:30,7.64,1000,1000,10000,B,3703827,7.64,3707011,7.64
3720329,10:39:53,7.64,1900,1900,10000,S,3720328,7.64,3707011,7.64
3723514,10:39:58,7.64,1000,1000,10000,S,3723513,7.64,3707011,7.64
3724020,10:39:59,7.64,2800,10000,10000,S,3724019,7.64,3707011,7.64
3737216,10:40:23,7.64,200,10000,200,B,3724019,7.64,3737215,7.64
3756644,10:41:00,7.63,200,200,2000,S,3756643,7.63,3450514,7.63
3757582,10:41:01,7.63,100,100,2000,S,3757581,7.63,3450514,7.63
3762427,10:41:10,7.63,1300,1500,2000,S,3762426,7.63,3450514,7.63
3762428,10:41:10,7.63,200,1500,200,S,3762426,7.63,3470440,7.63
3783572,10:41:54,7.64,7000,10000,7700,B,3724019,7.64,3783571,7.64
3783573,10:41:54,7.64,200,200,7700,B,3749562,7.64,3783571,7.64
3783574,10:41:54,7.64,500,10000,7700,B,3766228,7.64,3783571,7.64
3783583,10:41:54,7.64,9500,10000,43400,B,3766228,7.64,3783582,7.65
3783584,10:41:54,7.65,3800,8600,43400,B,3467285,7.65,3783582,7.65
3783585,10:41:54,7.65,3800,3800,43400,B,3590147,7.65,3783582,7.65
3783586,10:41:54,7.65,800,800,43400,B,3591085,7.65,3783582,7.65
3783587,10:41:54,7.65,1900,1900,43400,B,3594090,7.65,3783582,7.65
3783588,10:41:54,7.65,900,900,43400,B,3656332,7.65,3783582,7.65
3783589,10:41:54,7.65,2000,2000,43400,B,3733400,7.65,3783582,7.65
3788019,10:42:03,7.65,3800,3800,43400,S,3788018,7.65,3783582,7.65
3789999,10:42:07,7.65,1600,1600,43400,S,3789998,7.65,3783582,7.65
3790004,10:42:07,7.65,1600,1600,43400,S,3790003,7.65,3783582,7.65
3790307,10:42:08,7.65,3300,3300,43400,S,3790306,7.65,3783582,7.65
3790409,10:42:08,7.65,10400,15600,43400,S,3790408,7.65,3783582,7.65
3790410,10:42:08,7.65,5200,15600,8700,S,3790408,7.65,3783590,7.65
3790698,10:42:09,7.65,300,300,8700,S,3790697,7.65,3783590,7.65
3794025,10:42:15,7.65,3200,10000,8700,S,3794024,7.65,3783590,7.65
3797581,10:42:22,7.65,6400,10000,6400,B,3794024,7.65,3797580,7.65
3797594,10:42:22,7.65,400,10000,7300,B,3794024,7.65,3797593,7.65
3804640,10:42:36,7.66,1600,1600,3800,B,1413368,7.66,3804639,7.66
3804641,10:42:36,7.66,500,500,3800,B,1931355,7.66,3804639,7.66
3804642,10:42:36,7.66,500,500,3800,B,3165742,7.66,3804639,7.66
3804643,10:42:36,7.66,1200,1600,3800,B,3270534,7.66,3804639,7.66
3809750,10:42:47,7.65,1000,1000,7300,S,3809749,7.65,3797593,7.65
3813518,10:42:55,7.65,200,200,7300,S,3813517,7.65,3797593,7.65
3822944,10:43:15,7.65,100,100,7300,S,3822943,7.65,3797593,7.65
3827437,10:43:25,7.65,500,500,7300,S,3827436,7.65,3797593,7.65
3828702,10:43:28,7.65,2400,2400,7300,S,3828701,7.65,3797593,7.65
3830384,10:43:32,7.65,2000,2000,7300,S,3830383,7.65,3797593,7.65
3831789,10:43:35,7.65,700,3000,7300,S,3831788,7.65,3797593,7.65
3831790,10:43:35,7.65,2300,3000,36200,S,3831788,7.65,3797595,7.65
3837759,10:43:48,7.65,1000,1000,36200,S,3837758,7.65,3797595,7.65
3839180,10:43:51,7.65,6400,6400,36200,S,3839179,7.65,3797595,7.65
3841390,10:43:56,7.65,1000,1000,36200,S,3841389,7.65,3797595,7.65
3844099,10:44:02,7.65,13400,13400,36200,S,3844098,7.65,3797595,7.65
3844238,10:44:02,7.65,12100,12300,36200,S,3844237,7.65,3797595,7.65
3844239,10:44:02,7.65,200,12300,200,S,3844237,7.65,3798278,7.65
3861998,10:44:42,7.63,1800,1800,2000,S,3861996,7.63,3507793,7.63
3868606,10:44:57,7.64,1600,1600,43400,B,3858009,7.64,3868605,7.65
3868607,10:44:57,7.65,800,800,43400,B,3845922,7.65,3868605,7.65
3870289,10:45:00,7.65,4000,4000,43400,S,3870288,7.65,3868605,7.65
3870805,10:45:01,7.65,200,200,43400,S,3870804,7.65,3868605,7.65
3875334,10:45:11,7.65,500,500,43400,S,3875333,7.65,3868605,7.65
3876219,10:45:13,7.65,3200,3200,43400,S,3876218,7.65,3868605,7.65
3876346,10:45:14,7.65,1700,1700,43400,S,3876345,7.65,3868605,7.65
3878389,10:45:18,7.65,3000,3000,43400,S,3878388,7.65,3868605,7.65
3892568,10:45:50,7.65,200,200,43400,S,3892567,7.65,3868605,7.65
3897911,10:46:01,7.65,200,200,43400,S,3897910,7.65,3868605,7.65
3897960,10:46:01,7.65,200,200,43400,S,3897959,7.65,3868605,7.65
3901082,10:46:07,7.65,7500,7500,43400,S,3901081,7.65,3868605,7.65
3907249,10:46:20,7.65,5500,5500,43400,S,3907248,7.65,3868605,7.65
3908969,10:46:23,7.65,500,500,43400,S,3908968,7.65,3868605,7.65
3915753,10:46:37,7.65,400,400,43400,S,3915752,7.65,3868605,7.65
3922944,10:46:51,7.65,13900,30000,43400,S,3922943,7.65,3868605,7.65
3922945,10:46:51,7.65,8700,30000,8700,S,3922943,7.65,3868615,7.65
3922946,10:46:51,7.65,7400,30000,7700,S,3922943,7.65,3868616,7.65
3925223,10:46:55,7.65,200,200,7700,S,3925222,7.65,3868616,7.65
3926423,10:46:58,7.65,100,1000,7700,S,3926422,7.65,3868616,7.65
3935313,10:47:16,7.65,900,1000,6300,B,3926422,7.65,3935312,7.65
3948488,10:47:44,7.65,1000,1000,6300,S,3948487,7.65,3935312,7.65
3950754,10:47:49,7.65,2200,2200,6300,S,3950753,7.65,3935312,7.65
3951747,10:47:51,7.65,300,300,6300,S,3951746,7.65,3935312,7.65
3956709,10:48:02,7.65,300,300,6300,S,3956708,7.65,3935312,7.65
3970442,10:48:32,7.65,1600,2000,6300,S,3970441,7.65,3935312,7.65
3970443,10:48:32,7.65,400,2000,8700,S,3970441,7.65,3938183,7.65
3970666,10:48:33,7.65,1000,1000,8700,S,3970665,7.65,3938183,7.65
3971476,10:48:35,7.65,7300,22900,8700,S,3971475,7.65,3938183,7.65
3971477,10:48:35,7.65,7700,22900,7700,S,3971475,7.65,3938200,7.65
3971478,10:48:35,7.65,7900,22900,43400,S,3971475,7.65,3938201,7.65
3975410,10:48:44,7.65,32200,32200,43400,S,3975409,7.65,3938201,7.65
3976117,10:48:45,7.65,1600,1600,43400,S,3976116,7.65,3938201,7.65
3977272,10:48:48,7.65,1700,2000,43400,S,3977271,7.65,3938201,7.65
3977273,10:48:48,7.65,300,2000,1000,S,3977271,7.65,3939083,7.65
3983539,10:49:01,7.65,700,2200,1000,S,3983538,7.65,3939083,7.65
3984484,10:49:03,7.64,100,100,10000,S,3984483,7.64,3869682,7.64
3985001,10:49:05,7.64,100,100,10000,S,3985000,7.64,3869682,7.64
4000803,10:49:39,7.65,1500,2200,15500,B,3983538,7.65,4000802,7.65
4000804,10:49:39,7.65,10000,10000,15500,B,3995978,7.65,4000802,7.65
4000805,10:49:39,7.65,4000,15000,15500,B,3996189,7.65,4000802,7.65
4000807,10:49:39,7.65,11000,15000,48800,B,3996189,7.65,4000806,7.65
4005396,10:49:48,7.65,1000,1000,48800,S,4005395,7.65,4000806,7.65
4009079,10:49:56,7.65,23000,23000,48800,S,4009078,7.65,4000806,7.65
4016879,10:50:11,7.65,1000,1000,48800,S,4016878,7.65,4000806,7.65
4023853,10:50:25,7.65,6500,6500,48800,S,4023852,7.65,4000806,7.65
4038930,10:50:57,7.65,200,200,48800,S,4038929,7.65,4000806,7.65
4044883,10:51:10,7.65,3500,3500,48800,S,4044882,7.65,4000806,7.65
4045296,10:51:10,7.66,400,1600,400,B,3270534,7.66,4045295,7.66
4064495,10:51:52,7.65,2400,2400,48800,S,4064494,7.65,4000806,7.65
4087713,10:52:40,7.66,100,800,100,B,3455100,7.66,4087712,7.66
4094715,10:52:56,7.65,200,200,48800,S,4094714,7.65,4000806,7.65
4101384,10:53:08,7.66,700,800,700,B,3455100,7.66,4101383,7.66
4121657,10:53:50,7.65,50000,100000,50000,S,4121656,7.65,4017589,7.65
4121658,10:53:50,7.65,5000,100000,5000,S,4121656,7.65,4076522,7.65
4121659,10:53:50,7.65,500,100000,500,S,4121656,7.65,4096414,7.65
4121660,10:53:50,7.65,1500,100000,1500,S,4121656,7.65,4097731,7.65
4121661,10:53:50,7.65,2700,100000,2700,S,4121656,7.65,4107345,7.65
4121662,10:53:50,7.65,2800,100000,2800,S,4121656,7.65,4107350,7.65
4121663,10:53:50,7.65,14400,100000,14400,S,4121656,7.65,4107360,7.65
4121664,10:53:50,7.65,500,100000,500,S,4121656,7.65,4109541,7.65
4130321,10:54:07,7.65,100,100000,100,B,4121656,7.65,4130320,7.65
4130356,10:54:07,7.65,22500,100000,43300,B,4121656,7.65,4130355,7.65
4130415,10:54:07,7.65,2600,2600,43300,S,4130414,7.65,4130355,7.65
4132183,10:54:10,7.65,1000,1000,43300,S,4132182,7.65,4130355,7.65
4136191,10:54:17,7.65,1500,1500,43300,S,4136190,7.65,4130355,7.65
4147044,10:54:37,7.65,15700,18000,43300,S,4147043,7.65,4130355,7.65
4147045,10:54:37,7.65,2300,18000,8400,S,4147043,7.65,4130365,7.65
4147235,10:54:38,7.65,300,300,8400,S,4147234,7.65,4130365,7.65
4147381,10:54:38,7.65,5800,20000,8400,S,4147380,7.65,4130365,7.65
4147382,10:54:38,7.65,8200,20000,8200,S,4147380,7.65,4130366,7.65
4159892,10:55:01,7.64,200,200,10000,S,4159891,7.64,3869682,7.64
4161730,10:55:05,7.64,1600,1600,10000,S,4161729,7.64,3869682,7.64
4162985,10:55:07,7.64,6000,6000,10000,S,4162984,7.64,3869682,7.64
4165880,10:55:12,7.64,2000,4300,10000,S,4165879,7.64,3869682,7.64
4165881,10:55:12,7.64,2300,4300,10000,S,4165879,7.64,3880638,7.64
4165885,10:55:12,7.64,200,200,10000,S,4165884,7.64,3880638,7.64
4173757,10:55:27,7.64,1000,1000,10000,S,4173756,7.64,3880638,7.64
4175521,10:55:31,7.64,3300,3300,10000,S,4175520,7.64,3880638,7.64
4176672,10:55:33,7.64,3200,10000,10000,S,4176671,7.64,3880638,7.64
4191557,10:56:02,7.63,200,1000,2000,S,4191556,7.63,3507793,7.63
4191558,10:56:02,7.63,800,1000,1000,S,4191556,7.63,3528883,7.63
4193980,10:56:05,7.63,200,2930,1000,S,4193979,7.63,3528883,7.63
4193981,10:56:05,7.63,200,2930,200,S,4193979,7.63,3570845,7.63
4193982,10:56:05,7.63,2530,2930,3000,S,4193979,7.63,3731490,7.63
4202458,10:56:20,7.64,6800,10000,7000,B,4176671,7.64,4202457,7.64
4202459,10:56:20,7.64,200,1000,7000,B,4179258,7.64,4202457,7.64
4202468,10:56:20,7.64,800,1000,36000,B,4179258,7.64,4202467,7.65
4202469,10:56:20,7.65,6000,20000,36000,B,4147380,7.65,4202467,7.65
4202470,10:56:20,7.65,800,800,36000,B,4157790,7.65,4202467,7.65
4202471,10:56:20,7.65,16400,16400,36000,B,4166318,7.65,4202467,7.65
4202472,10:56:20,7.65,1000,1000,36000,B,4183356,7.65,4202467,7.65
4202473,10:56:20,7.65,3000,3000,36000,B,4193975,7.65,4202467,7.65
4202474,10:56:20,7.65,8000,10300,36000,B,4201649,7.65,4202467,7.65
4202494,10:56:20,7.65,2300,10300,6800,B,4201649,7.65,4202493,7.65
4203221,10:56:21,7.65,500,500,6800,S,4203220,7.65,4202493,7.65
4203223,10:56:21,7.65,500,500,6800,S,4203222,7.65,4202493,7.65
4203225,10:56:21,7.65,500,500,6800,S,4203224,7.65,4202493,7.65
4203227,10:56:21,7.65,500,500,6800,S,4203226,7.65,4202493,7.65
4203229,10:56:21,7.65,2500,2500,6800,S,4203228,7.65,4202493,7.65
4217247,10:56:46,7.63,470,2000,3000,S,4217246,7.63,3731490,7.63
4225224,10:57:00,7.62,100,200,10000,S,4225223,7.62,3310789,7.62
4225225,10:57:00,7.62,100,200,1000,S,4225223,7.62,3373509,7.62
4226610,10:57:03,7.62,100,100,1000,S,4226609,7.62,3373509,7.62
4230762,10:57:11,7.63,1530,2000,1530,B,4217246,7.63,4230761,7.63
4240397,10:57:28,7.64,6500,6500,8400,B,4211218,7.64,4240396,7.65
4240398,10:57:28,7.65,400,400,8400,B,4209296,7.65,4240396,7.65
4240399,10:57:28,7.65,1000,1000,8400,B,4217898,7.65,4240396,7.65
4240400,10:57:28,7.65,500,1000,8400,B,4231691,7.65,4240396,7.65
4240409,10:57:28,7.65,500,1000,8200,B,4231691,7.65,4240408,7.65
4250103,10:57:47,7.65,100,100,8200,S,4250102,7.65,4240408,7.65
4254093,10:57:55,7.65,7600,50000,8200,S,4254092,7.65,4240408,7.65
4254094,10:57:55,7.65,42400,50000,43300,S,4254092,7.65,4240410,7.65
4266633,10:58:18,7.65,900,2000,43300,S,4266632,7.65,4240410,7.65
4266634,10:58:18,7.65,1100,2000,9000,S,4266632,7.65,4266467,7.65
4290574,10:59:08,7.65,200,200,9000,S,4290573,7.65,4266467,7.65
4319378,11:00:14,7.65,400,400,9000,S,4319377,7.65,4266467,7.65
4320059,11:00:15,7.65,7300,7500,9000,S,4320058,7.65,4266467,7.65
4320060,11:00:15,7.65,200,7500,36000,S,4320058,7.65,4267369,7.65
4322096,11:00:19,7.65,2400,2400,36000,S,4322095,7.65,4267369,7.65
4324039,11:00:23,7.65,10000,10000,36000,S,4324038,7.65,4267369,7.65
4324837,11:00:25,7.65,10000,10000,36000,S,4324836,7.65,4267369,7.65
4324857,11:00:25,7.65,1500,1500,36000,S,4324856,7.65,4267369,7.65
4329898,11:00:35,7.65,10000,10000,36000,S,4329897,7.65,4267369,7.65
4330998,11:00:37,7.65,1900,50000,36000,S,4330997,7.65,4267369,7.65
4330999,11:00:37,7.65,7000,50000,7000,S,4330997,7.65,4267376,7.65
4331000,11:00:37,7.65,6800,50000,6800,S,4330997,7.65,4267379,7.65
4331001,11:00:37,7.65,1300,50000,1300,S,4330997,7.65,4316312,7.65
4341120,11:00:55,7.63,200,200,2000,S,4341119,7.63,4242332,7.63
4359366,11:01:28,7.63,1800,5000,2000,S,4359365,7.63,4242332,7.63
4364035,11:01:36,7.63,3000,5000,3000,B,4359365,7.63,4364034,7.63
4371775,11:01:51,7.63,200,5000,6800,B,4359365,7.63,4371774,7.64
4371776,11:01:51,7.63,4200,4200,6800,B,4361920,7.63,4371774,7.64
4371777,11:01:51,7.64,2400,7500,6800,B,4331020,7.64,4371774,7.64
4371783,11:01:51,7.64,5100,7500,36000,B,4331020,7.64,4371782,7.65
4371784,11:01:51,7.65,30900,50000,36000,B,4330997,7.65,4371782,7.65
4371807,11:01:51,7.65,2100,50000,7000,B,4330997,7.65,4371806,7.65
4371808,11:01:51,7.65,4300,4300,7000,B,4361906,7.65,4371806,7.65
4373236,11:01:54,7.65,500,500,7000,S,4373235,7.65,4371806,7.65
4373238,11:01:54,7.65,100,100,7000,S,4373237,7.65,4371806,7.65
4410559,11:03:03,7.62,100,100,1000,S,4410558,7.62,3373509,7.62
4457283,11:04:42,7.62,700,3000,1000,S,4457282,7.62,3373509,7.62
4457284,11:04:42,7.62,400,3000,400,S,4457282,7.62,3632289,7.62
4463463,11:04:57,7.62,300,3000,300,B,4457282,7.62,4463462,7.62
4464169,11:04:59,7.61,200,200,4000,S,4464168,7.61,3349309,7.61
4464987,11:05:01,7.62,1600,3000,1800,B,4457282,7.62,4464986,7.62
4465517,11:05:02,7.62,100,100,1800,S,4465516,7.62,4464986,7.62
4466805,11:05:05,7.62,100,1300,1800,S,4466804,7.62,4464986,7.62
4474311,11:05:24,7.62,400,1300,400,B,4466804,7.62,4474310,7.62
4481690,11:05:44,7.61,3800,30000,4000,S,4481689,7.6,3349309,7.61
4481691,11:05:44,7.61,3000,30000,3000,S,4481689,7.6,4358788,7.61
4481692,11:05:44,7.61,10000,30000,10000,S,4481689,7.6,4383420,7.61
4481693,11:05:44,7.6,5200,30000,7800,S,4481689,7.6,3242165,7.6
4481694,11:05:44,7.6,600,30000,600,S,4481689,7.6,3260730,7.6
4481695,11:05:44,7.6,1000,30000,1000,S,4481689,7.6,3286649,7.6
4481696,11:05:44,7.6,2000,30000,2000,S,4481689,7.6,3293594,7.6
4481697,11:05:44,7.6,900,30000,900,S,4481689,7.6,3450710,7.6
4481698,11:05:44,7.6,3500,30000,5000,S,4481689,7.6,4060670,7.6
4484491,11:05:51,7.62,800,1300,2100,B,4466804,7.62,4484490,7.62
4484492,11:05:51,7.62,1300,1300,2100,B,4471260,7.62,4484490,7.62
4508030,11:06:58,7.63,1000,1000,13600,B,4429068,7.63,4508029,7.63
4508031,11:06:58,7.63,4000,4000,13600,B,4454238,7.63,4508029,7.63
4508032,11:06:58,7.63,1000,1000,13600,B,4500534,7.63,4508029,7.63
4508395,11:06:59,7.63,200,200,13600,S,4508394,7.63,4508029,7.63
4508513,11:07:00,7.63,500,500,13600,S,4508512,7.63,4508029,7.63
4508515,11:07:00,7.63,100,100,13600,S,4508514,7.63,4508029,7.63
4508517,11:07:00,7.63,400,400,13600,S,4508516,7.63,4508029,7.63
4508519,11:07:00,7.63,500,500,13600,S,4508518,7.63,4508029,7.63
4508521,11:07:00,7.63,500,500,13600,S,4508520,7.63,4508029,7.63
4508523,11:07:00,7.63,3400,3400,13600,S,4508522,7.63,4508029,7.63
4510891,11:07:06,7.63,1000,1000,13600,S,4510890,7.63,4508029,7.63
4536298,11:08:23,7.64,1000,1000,2000,B,4382964,7.64,4536297,7.64
4536299,11:08:23,7.64,1000,1000,2000,B,4454842,7.64,4536297,7.64
4547632,11:08:58,7.63,200,200,13600,S,4547631,7.63,4508029,7.63
4566063,11:09:55,7.63,800,800,13600,S,4566062,7.63,4508029,7.63
4588474,11:11:04,7.6,200,200,5000,S,4588473,7.6,4060670,7.6
4597796,11:11:32,7.6,100,100,5000,S,4597795,7.6,4060670,7.6
4599094,11:11:36,7.6,1200,2400,5000,S,4599093,7.6,4060670,7.6
4599095,11:11:36,7.6,1200,2400,6900,S,4599093,7.6,4560080,7.6
4608812,11:12:03,7.6,1000,1000,6900,S,4608811,7.6,4560080,7.6
4609054,11:12:04,7.6,4700,5900,6900,S,4609053,7.6,4560080,7.6
4609055,11:12:04,7.6,400,5900,400,S,4609053,7.6,4577858,7.6
4626549,11:12:51,7.6,800,5900,800,B,4609053,7.6,4626548,7.6
4628464,11:12:56,7.59,200,200,500,S,4628463,7.59,3349701,7.59
4630693,11:13:00,7.59,100,100,500,S,4630692,7.59,3349701,7.59
4639246,11:13:22,7.59,200,5000,500,S,4639245,7.59,3349701,7.59
4639247,11:13:22,7.59,700,5000,700,S,4639245,7.59,4602031,7.59
4639248,11:13:22,7.59,100,5000,100,S,4639245,7.59,4618356,7.59
4639249,11:13:22,7.59,3000,5000,3000,S,4639245,7.59,4624966,7.59
4646358,11:13:40,7.59,1000,5000,5000,B,4639245,7.59,4646357,7.59
4646359,11:13:40,7.59,3000,3000,5000,B,4643869,7.59,4646357,7.59
4652606,11:13:55,7.59,300,300,5000,S,4652605,7.59,4646357,7.59
4664180,11:14:22,7.59,700,4000,5000,S,4664179,7.59,4646357,7.59
4664181,11:14:22,7.59,1000,4000,1000,S,4664179,7.59,4652775,7.59
4668902,11:14:34,7.59,2300,4000,7500,B,4664179,7.59,4668901,7.59
4669195,11:14:34,7.59,5200,10000,7500,S,4669194,7.58,4668901,7.59
4669196,11:14:34,7.58,1000,10000,1000,S,4669194,7.58,3053613,7.58
4669197,11:14:34,7.58,1000,10000,1000,S,4669194,7.58,3480316,7.58
4669198,11:14:34,7.58,300,10000,300,S,4669194,7.58,3870392,7.58
4669199,11:14:34,7.58,800,10000,800,S,4669194,7.58,4377157,7.58
4669200,11:14:34,7.58,100,10000,100,S,4669194,7.58,4395899,7.58
4669201,11:14:34,7.58,800,10000,800,S,4669194,7.58,4402902,7.58
4669202,11:14:34,7.58,100,10000,100,S,4669194,7.58,4460385,7.58
4669203,11:14:34,7.58,700,10000,1000,S,4669194,7.58,4555611,7.58
4678181,11:14:56,7.59,1200,1200,1600,S,4678180,7.59,4676155,7.59
4678995,11:14:58,7.59,200,200,1600,S,4678994,7.59,4676155,7.59
4687453,11:15:17,7.59,200,200,1600,S,4687452,7.59,4676155,7.59
4696244,11:15:35,7.59,900,900,900,S,4696243,7.59,4688130,7.59
4735783,11:16:56,7.6,100,100,400,S,4735782,7.6,4718812,7.6
4742625,11:17:10,7.62,100,100,100,B,4691166,7.62,4742624,7.62
4749970,11:17:26,7.6,300,800,400,S,4749969,7.6,4718812,7.6
4749971,11:17:26,7.6,100,800,100,S,4749969,7.6,4741597,7.6
4760729,11:17:53,7.6,400,800,3000,B,4749969,7.6,4760728,7.6
4760730,11:17:53,7.6,1000,1000,3000,B,4751922,7.6,4760728,7.6
4778688,11:18:40,7.6,1600,11700,3000,S,4778687,7.6,4760728,7.6
4779916,11:18:44,7.59,5000,10000,5000,S,4779915,7.59,4695616,7.59
4779917,11:18:44,7.59,5000,10000,5000,S,4779915,7.59,4728600,7.59
4784758,11:18:58,7.58,200,200,1000,S,4784757,7.58,4555611,7.58
4800682,11:19:43,7.6,10000,11700,10000,B,4778687,7.6,4800681,7.6
4804444,11:19:55,7.58,100,900,1000,S,4804443,7.58,4555611,7.58
4804445,11:19:55,7.58,800,900,1000,S,4804443,7.58,4589434,7.58
4805016,11:19:56,7.58,200,6300,1000,S,4805015,7.58,4589434,7.58
4805017,11:19:56,7.58,5000,6300,5000,S,4805015,7.58,4668387,7.58
4805018,11:19:56,7.58,1000,6300,1000,S,4805015,7.58,4692755,7.58
4805019,11:19:56,7.58,100,6300,100,S,4805015,7.58,4803624,7.58
4810713,11:20:13,7.58,4000,4000,4000,S,4810712,7.58,4809356,7.58
4815417,11:20:28,7.57,4000,17700,4000,S,4815416,7.57,3296544,7.57
4815418,11:20:28,7.57,9000,17700,9000,S,4815416,7.57,3489906,7.57
4815419,11:20:28,7.57,1000,17700,1000,S,4815416,7.57,4016322,7.57
4817158,11:20:33,7.57,3700,17700,3700,B,4815416,7.57,4817157,7.57
4827882,11:21:06,7.57,200,200,5700,S,4827881,7.57,4819877,7.57
4848522,11:22:09,7.57,5500,6900,5700,S,4848521,7.57,4819877,7.57
4848523,11:22:09,7.57,700,6900,700,S,4848521,7.57,4831468,7.57
4848704,11:22:09,7.57,700,6900,700,B,4848521,7.57,4848703,7.57
4857352,11:22:37,7.6,100,11700,100,B,4778687,7.6,4857351,7.6
4863898,11:22:58,7.57,100,100,7000,S,4863897,7.57,4849406,7.57
4863930,11:22:58,7.57,200,200,7000,S,4863929,7.57,4849406,7.57
4876685,11:23:43,7.57,6700,25100,7000,S,4876684,7.57,4849406,7.57
4876686,11:23:43,7.57,18400,25100,43400,S,4876684,7.57,4859146,7.57
4881608,11:23:59,7.58,500,500,5600,S,4881607,7.58,4877264,7.58
4900002,11:24:57,7.58,200,200,5600,S,4900001,7.58,4877264,7.58
4921186,11:26:04,7.58,300,300,5600,S,4921185,7.58,4877264,7.58
4921248,11:26:04,7.58,400,400,5600,S,4921247,7.58,4877264,7.58
4922769,11:26:07,7.58,400,400,5600,S,4922768,7.58,4877264,7.58
4927981,11:26:20,7.58,2400,2400,5600,S,4927980,7.58,4877264,7.58
4940071,11:26:48,7.58,200,200,5600,S,4940070,7.58,4877264,7.58
4940153,11:26:48,7.58,1000,1000,5600,S,4940152,7.58,4877264,7.58
4945584,11:27:01,7.58,200,200,5600,S,4945583,7.58,4877264,7.58
4948714,11:27:07,7.58,100,500,100,S,4948713,7.58,4880257,7.58
4948715,11:27:07,7.58,400,500,10200,S,4948713,7.58,4888231,7.58
4955502,11:27:21,7.58,1000,1000,10200,S,4955501,7.58,4888231,7.58
4955813,11:27:22,7.59,6000,6000,10000,B,4945201,7.59,4955812,7.59
4962635,11:27:38,7.59,4000,5200,10000,S,4962634,7.58,4955812,7.59
4962636,11:27:38,7.58,1200,5200,10200,S,4962634,7.58,4888231,7.58
4975473,11:28:08,7.58,100,100,10200,S,4975472,7.58,4888231,7.58
4979976,11:28:18,7.58,7500,10100,10200,S,4979975,7.58,4888231,7.58
4979977,11:28:18,7.58,1900,10100,1900,S,4979975,7.58,4889039,7.58
4979978,11:28:18,7.58,300,10100,300,S,4979975,7.58,4952239,7.58
4979979,11:28:18,7.58,400,10100,1500,S,4979975,7.58,4977102,7.58
4989676,11:28:40,7.58,1100,2000,1500,S,4989675,7.58,4977102,7.58
4989677,11:28:40,7.58,900,2000,10000,S,4989675,7.58,4978829,7.58
4998775,11:29:01,7.58,100,100,10000,S,4998774,7.58,4978829,7.58
5000025,11:29:04,7.58,9000,17600,10000,S,5000024,7.57,4978829,7.58
5000026,11:29:04,7.57,8600,17600,43400,S,5000024,7.57,4859146,7.57
5002350,11:29:10,7.57,200,200,43400,S,5002349,7.57,4859146,7.57
5008770,11:29:24,7.57,10000,10000,43400,S,5008769,7.57,4859146,7.57
5014663,11:29:38,7.57,6200,8000,43400,S,5014662,7.57,4859146,7.57
5014664,11:29:38,7.57,1800,8000,8700,S,5014662,7.57,4859152,7.57
5026145,13:00:00,7.57,200,200,8700,S,5026144,7.57,4859152,7.57
5027420,13:00:00,7.57,100,100,8700,S,5027419,7.57,4859152,7.57
5079331,13:00:01,7.59,500,500,1800,B,4965900,7.59,5079330,7.59
5079332,13:00:01,7.59,1300,2000,1800,B,5066205,7.59,5079330,7.59
5117617,13:00:56,7.57,200,200,8700,S,5117616,7.57,4859152,7.57
5118611,13:00:59,7.57,100,100,8700,S,5118610,7.57,4859152,7.57
5136082,13:01:51,7.58,300,300,300,B,5093921,7.58,5136081,7.58
5140001,13:02:03,7.57,3200,3200,8700,S,5140000,7.57,4859152,7.57
5141487,13:02:07,7.57,1600,10000,8700,S,5141486,7.57,4859152,7.57
5141488,13:02:07,7.57,7700,10000,7700,S,5141486,7.57,4859153,7.57
5141489,13:02:07,7.57,700,10000,6100,S,5141486,7.57,4874595,7.57
5142820,13:02:10,7.57,1000,1000,6100,S,5142819,7.57,4874595,7.57
5148686,13:02:27,7.57,4400,7100,6100,S,5148685,7.56,4874595,7.57
5148687,13:02:27,7.56,2700,7100,6600,S,5148685,7.56,3003203,7.56
5157289,13:02:51,7.56,2700,2700,6600,S,5157288,7.56,3003203,7.56
5164845,13:03:10,7.57,200,200,7300,S,5164844,7.57,5157573,7.57
5168643,13:03:21,7.57,1500,1500,7300,S,5168642,7.57,5157573,7.57
5175064,13:03:38,7.57,2900,2900,7300,S,5175063,7.57,5157573,7.57
5178655,13:03:48,7.57,1600,1600,7300,S,5178654,7.57,5157573,7.57
5135087,13:01:48,7.57,1500,1500,8700,S,5135086,7.57,4859152,7.57
5200011,13:04:41,7.57,1100,4400,7300,S,5200010,7.57,5157573,7.57
5200012,13:04:41,7.57,3300,4400,3500,S,5200010,7.57,5157576,7.57
5206133,13:04:56,7.57,200,200,3500,S,5206132,7.57,5157576,7.57
5220232,13:05:25,7.56,1200,1400,6600,S,5220231,7.56,3003203,7.56
5220233,13:05:25,7.56,200,1400,5000,S,5220231,7.56,3064837,7.56
5227329,13:05:41,7.56,3000,3000,5000,S,5227328,7.56,3064837,7.56
5241378,13:06:11,7.56,1800,1900,5000,S,5241377,7.56,3064837,7.56
5241379,13:06:11,7.56,100,1900,3900,S,5241377,7.56,4850963,7.56
5241730,13:06:12,7.56,1700,1700,3900,S,5241729,7.56,4850963,7.56
5255256,13:06:36,7.56,1500,1500,3900,S,5255255,7.56,4850963,7.56
5258167,13:06:41,7.56,600,1000,3900,S,5258166,7.56,4850963,7.56
5258168,13:06:41,7.56,300,1000,300,S,5258166,7.56,5159016,7.56
5260029,13:06:45,7.55,1900,3000,2000,S,5260028,7.55,2667082,7.55
5260030,13:06:45,7.55,300,3000,300,S,5260028,7.55,2734723,7.55
5260031,13:06:45,7.55,800,3000,3000,S,5260028,7.55,2816545,7.55
5266249,13:06:57,7.55,200,200,3000,S,5266248,7.55,2816545,7.55
5280756,13:07:22,7.55,800,800,3000,S,5280755,7.55,2816545,7.55
5292166,13:07:44,7.55,1200,1600,3000,S,5292165,7.55,2816545,7.55
5292167,13:07:44,7.55,400,1600,500,S,5292165,7.55,4102231,7.55
5293859,13:07:48,7.55,100,4200,500,S,5293858,7.55,4102231,7.55
5293860,13:07:48,7.55,2000,4200,2000,S,5293858,7.55,4685357,7.55
5293861,13:07:48,7.55,300,4200,300,S,5293858,7.55,5280772,7.55
5293862,13:07:48,7.55,1800,4200,10000,S,5293858,7.55,5281589,7.55
5294372,13:07:48,7.55,7800,7800,10000,S,5294371,7.55,5281589,7.55
5320832,13:08:40,7.55,400,400,10000,S,5320831,7.55,5281589,7.55
5325569,13:08:50,7.55,1000,3000,1000,S,5325568,7.55,5311570,7.55
5325570,13:08:50,7.55,1500,3000,1500,S,5325568,7.55,5314878,7.55
5325571,13:08:50,7.55,500,3000,2000,S,5325568,7.55,5320827,7.55
5328757,13:08:56,7.55,200,200,2000,S,5328756,7.55,5320827,7.55
5333257,13:09:04,7.55,100,100,2000,S,5333256,7.55,5320827,7.55
5353650,13:09:41,7.55,1200,1400,2000,S,5353649,7.54,5320827,7.55
5353651,13:09:41,7.54,200,1400,5600,S,5353649,7.54,2536257,7.54
5358238,13:09:50,7.54,900,3000,5600,S,5358237,7.54,2536257,7.54
5358239,13:09:50,7.54,100,3000,100,S,5358237,7.54,2649200,7.54
5358240,13:09:50,7.54,2000,3000,2000,S,5358237,7.54,3170110,7.54
5372945,13:10:18,7.54,1600,1600,8200,S,5372944,7.54,4849062,7.54
5391291,13:10:54,7.54,4100,4100,8200,S,5391290,7.54,4849062,7.54
5398713,13:11:09,7.56,100,1000,1700,B,5258166,7.56,5398712,7.56
5409010,13:11:32,7.57,1800,2800,1800,B,5241394,7.57,5409009,7.57
5412882,13:11:41,7.56,1600,2900,1700,S,5412881,7.54,5398712,7.56
5412883,13:11:41,7.54,700,2900,8200,S,5412881,7.54,4849062,7.54
5412884,13:11:41,7.54,600,2900,1500,S,5412881,7.54,5386678,7.54
5424935,13:12:08,7.55,500,1500,500,S,5424934,7.54,5420604,7.55
5424936,13:12:08,7.54,900,1500,1500,S,5424934,7.54,5386678,7.54
5424937,13:12:08,7.54,100,1500,2000,S,5424934,7.54,5397864,7.54
5444971,13:12:58,7.55,100,100,5000,S,5444970,7.55,5443776,7.55
5445101,13:12:58,7.55,3300,3300,5000,S,5445100,7.55,5443776,7.55
5396875,13:11:05,7.54,1600,1600,8200,S,5396874,7.54,4849062,7.54
5397082,13:11:06,7.54,200,200,8200,S,5397081,7.54,4849062,7.54
5452890,13:13:17,7.55,1600,14934,5000,S,5452889,7.55,5443776,7.55
5453517,13:13:18,7.55,500,14934,500,B,5452889,7.55,5453516,7.55
5453892,13:13:20,7.55,900,14934,900,B,5452889,7.55,5453891,7.55
5458512,13:13:32,7.55,5000,14934,5000,B,5452889,7.55,5458511,7.55
5461527,13:13:40,7.55,1700,14934,1700,B,5452889,7.55,5461526,7.55
5462523,13:13:42,7.55,300,14934,300,B,5452889,7.55,5462522,7.55
5465182,13:13:49,7.54,400,400,2000,S,5465181,7.54,5397864,7.54
5476945,13:14:21,7.55,300,14934,300,B,5452889,7.55,5476944,7.55
5485815,13:14:46,7.55,500,14934,500,B,5452889,7.55,5485814,7.55
5488648,13:14:53,7.55,800,14934,800,B,5452889,7.55,5488647,7.55
5488927,13:14:54,7.55,200,14934,200,B,5452889,7.55,5488926,7.55
5492374,13:15:03,7.54,200,200,2000,S,5492373,7.54,5397864,7.54
5493954,13:15:06,7.55,1000,14934,1000,B,5452889,7.55,5493953,7.55
5500609,13:15:23,7.55,2134,14934,4200,B,5452889,7.55,5500608,7.55
5528224,13:16:28,7.56,1000,1200,1000,B,5415319,7.56,5528223,7.56
5541450,13:17:00,7.55,200,200,4200,S,5541449,7.55,5500608,7.55
5543015,13:17:04,7.55,100,100,4200,S,5543014,7.55,5500608,7.55
5563866,13:17:53,7.56,200,1200,1000,B,5415319,7.56,5563865,7.56
5595034,13:19:03,7.56,200,200,1000,S,5595033,7.56,5563865,7.56
5595785,13:19:05,7.57,1000,2800,1000,B,5241394,7.57,5595784,7.57
5604186,13:19:25,7.56,600,3400,1000,S,5604185,7.56,5563865,7.56
5604187,13:19:25,7.56,2800,3400,10000,S,5604185,7.56,5572591,7.56
5609656,13:19:38,7.56,2400,2400,10000,S,5609655,7.56,5572591,7.56
5614982,13:19:49,7.56,500,500,10000,S,5614981,7.56,5572591,7.56
5626602,13:20:12,7.56,1000,1000,10000,S,5626601,7.56,5572591,7.56
5632889,13:20:25,7.56,3300,13000,10000,S,5632888,7.56,5572591,7.56
5642533,13:20:44,7.56,9700,13000,10000,B,5632888,7.56,5642532,7.56
5652274,13:21:04,7.56,300,500,10000,S,5652273,7.56,5642532,7.56
5656540,13:21:12,7.56,200,500,300,B,5652273,7.56,5656539,7.56
5656541,13:21:12,7.56,100,100,300,B,5653164,7.56,5656539,7.56
5681523,13:21:55,7.55,1766,7000,4200,S,5681522,7.55,5500608,7.55
5681524,13:21:55,7.55,200,7000,200,S,5681522,7.55,5519958,7.55
5681525,13:21:55,7.55,5000,7000,5000,S,5681522,7.55,5520488,7.55
5681526,13:21:55,7.55,34,7000,3900,S,5681522,7.55,5554526,7.55
5681925,13:21:55,7.55,3100,3100,3900,S,5681924,7.55,5554526,7.55
5701689,13:22:26,7.55,766,1800,3900,S,5701688,7.55,5554526,7.55
5701690,13:22:26,7.55,1034,1800,1900,S,5701688,7.55,5576125,7.55
5705892,13:22:32,7.55,866,5700,1900,S,5705891,7.55,5576125,7.55
5705893,13:22:32,7.55,300,5700,300,S,5705891,7.55,5624599,7.55
5710490,13:22:39,7.55,4534,5700,10000,B,5705891,7.55,5710489,7.55
5722268,13:22:56,7.55,4000,4000,10000,S,5722267,7.55,5710489,7.55
5723459,13:22:57,7.55,600,600,10000,S,5723458,7.55,5710489,7.55
5724572,13:22:59,7.55,200,200,10000,S,5724571,7.55,5710489,7.55
5726269,13:23:02,7.55,666,900,10000,S,5726268,7.55,5710489,7.55
5726270,13:23:02,7.55,234,900,2000,S,5726268,7.55,5716443,7.55
5728877,13:23:06,7.55,1000,1000,2000,S,5728876,7.55,5716443,7.55
5733448,13:23:13,7.55,766,1400,2000,S,5733447,7.54,5716443,7.55
5733449,13:23:13,7.54,634,1400,2000,S,5733447,7.54,5397864,7.54
5734021,13:23:14,7.54,666,1400,2000,S,5734020,7.54,5397864,7.54
5734022,13:23:14,7.54,734,1400,3500,S,5734020,7.54,5409311,7.54
5751980,13:23:44,7.54,2766,3000,3500,S,5751979,7.54,5409311,7.54
5751981,13:23:44,7.54,234,3000,1000,S,5751979,7.54,5424977,7.54
5754904,13:23:48,7.54,100,100,1000,S,5754903,7.54,5424977,7.54
5774965,13:24:21,7.54,666,3000,1000,S,5774964,7.54,5424977,7.54
5774966,13:24:21,7.54,500,3000,500,S,5774964,7.54,5430700,7.54
5774967,13:24:21,7.54,1500,3000,1500,S,5774964,7.54,5434416,7.54
5774968,13:24:21,7.54,334,3000,5000,S,5774964,7.54,5437082,7.54
5777130,13:24:24,7.55,200,200,200,B,5743003,7.55,5777129,7.55
5787809,13:24:43,7.54,4666,6300,5000,S,5787808,7.54,5437082,7.54
5787810,13:24:43,7.54,1634,6300,2000,S,5787808,7.54,5445792,7.54
5790699,13:24:48,7.54,366,7000,2000,S,5790698,7.54,5445792,7.54
5790700,13:24:48,7.54,6634,7000,9900,S,5790698,7.54,5446048,7.54
5800329,13:25:06,7.54,200,200,9900,S,5800328,7.54,5446048,7.54
5800424,13:25:06,7.54,100,100,9900,S,5800423,7.54,5446048,7.54
5803932,13:25:12,7.54,100,100,9900,S,5803931,7.54,5446048,7.54
5806349,13:25:16,7.54,2400,2400,9900,S,5806348,7.54,5446048,7.54
5812368,13:25:27,7.54,466,3300,9900,S,5812367,7.54,5446048,7.54
5812369,13:25:27,7.54,1000,3300,1000,S,5812367,7.54,5542213,7.54
5812370,13:25:27,7.54,300,3300,300,S,5812367,7.54,5786606,7.54
5812371,13:25:27,7.54,1000,3300,1000,S,5812367,7.54,5798230,7.54
5812372,13:25:27,7.54,534,3300,10000,S,5812367,7.54,5804944,7.54
5816143,13:25:34,7.54,300,300,10000,S,5816142,7.54,5804944,7.54
5817910,13:25:37,7.54,3000,3000,10000,S,5817909,7.54,5804944,7.54
5831598,13:26:04,7.54,6166,7500,10000,S,5831597,7.54,5804944,7.54
5831599,13:26:04,7.54,1334,7500,8300,S,5831597,7.54,5813431,7.54
5840849,13:26:22,7.54,6966,44900,8300,S,5840848,7.53,5813431,7.54
5840850,13:26:22,7.54,2000,44900,2000,S,5840848,7.53,5821212,7.54
5840851,13:26:22,7.54,800,44900,800,S,5840848,7.53,5824842,7.54
5840852,13:26:22,7.53,6100,44900,6100,S,5840848,7.53,4819494,7.53
5840853,13:26:22,7.53,1600,44900,1600,S,5840848,7.53,5261857,7.53
5840854,13:26:22,7.53,22700,44900,22700,S,5840848,7.53,5439664,7.53
5840855,13:26:22,7.53,500,44900,500,S,5840848,7.53,5614540,7.53
5840856,13:26:22,7.53,300,44900,300,S,5840848,7.53,5804787,7.53
5841066,13:26:23,7.53,800,44900,800,B,5840848,7.53,5841065,7.53
5841641,13:26:24,7.52,2000,7900,2000,S,5841640,7.52,3095504,7.52
5841642,13:26:24,7.52,3000,7900,3000,S,5841640,7.52,5042837,7.52
5841643,13:26:24,7.52,1000,7900,1000,S,5841640,7.52,5291374,7.52
5841644,13:26:24,7.52,1900,7900,2000,S,5841640,7.52,5377724,7.52
5845498,13:26:32,7.53,1000,44900,1000,B,5840848,7.53,5845497,7.53
5850143,13:26:42,7.52,100,8000,2000,S,5850142,7.51,5377724,7.52
5850144,13:26:42,7.51,500,8000,500,S,5850142,7.51,2254336,7.51
5850145,13:26:42,7.51,300,8000,300,S,5850142,7.51,2441358,7.51
5850146,13:26:42,7.51,1000,8000,1000,S,5850142,7.51,2742236,7.51
5850147,13:26:42,7.51,800,8000,800,S,5850142,7.51,3030378,7.51
5850148,13:26:42,7.51,3000,8000,3000,S,5850142,7.51,3167727,7.51
5850149,13:26:42,7.51,500,8000,500,S,5850142,7.51,3869874,7.51
5850150,13:26:42,7.51,700,8000,700,S,5850142,7.51,5053678,7.51
5850151,13:26:42,7.51,1100,8000,8000,S,5850142,7.51,5084528,7.51
5861576,13:27:03,7.52,100,100,200,S,5861575,7.52,5851469,7.52
5861954,13:27:04,7.53,2100,44900,2100,B,5840848,7.53,5861953,7.53
5876333,13:27:34,7.53,34,44900,500,B,5840848,7.53,5876332,7.53
5882633,13:27:48,7.53,466,466,500,S,5882632,7.53,5876332,7.53
5892809,13:28:10,7.53,334,334,800,S,5892808,7.53,5891123,7.53
5914555,13:28:59,7.53,200,200,800,S,5914554,7.53,5891123,7.53
5916099,13:29:03,7.53,266,6000,800,S,5916098,7.53,5891123,7.53
5916100,13:29:03,7.53,500,6000,500,S,5916098,7.53,5898601,7.53
5941270,13:30:01,7.53,5200,6000,5200,B,5916098,7.53,5941269,7.53
5952154,13:30:28,7.52,100,45000,200,S,5952153,7.51,5851469,7.52
5952155,13:30:28,7.52,2500,45000,2500,S,5952153,7.51,5852778,7.52
5952156,13:30:28,7.52,2000,45000,2000,S,5952153,7.51,5856734,7.52
5952157,13:30:28,7.52,1000,45000,1000,S,5952153,7.51,5861123,7.52
5952158,13:30:28,7.52,1000,45000,1000,S,5952153,7.51,5862755,7.52
5952159,13:30:28,7.52,10000,45000,10000,S,5952153,7.51,5887064,7.52
5952160,13:30:28,7.52,5000,45000,5000,S,5952153,7.51,5891765,7.52
5952161,13:30:28,7.51,6900,45000,8000,S,5952153,7.51,5084528,7.51
5952162,13:30:28,7.51,10000,45000,10000,S,5952153,7.51,5851294,7.51
5952163,13:30:28,7.51,3400,45000,3400,S,5952153,7.51,5854141,7.51
5952164,13:30:28,7.51,500,45000,500,S,5952153,7.51,5876520,7.51
5952165,13:30:28,7.51,200,45000,200,S,5952153,7.51,5879407,7.51
5952166,13:30:28,7.51,2400,45000,2600,S,5952153,7.51,5901707,7.51
5964388,13:30:57,7.51,200,200,2600,S,5964387,7.51,5901707,7.51
5992741,13:31:44,7.53,34,6000,500,B,5916098,7.53,5992740,7.53
5992742,13:31:44,7.53,466,500,500,B,5943305,7.53,5992740,7.53
6026273,13:32:39,7.53,34,500,100,B,5943305,7.53,6026272,7.53
6037949,13:33:00,7.53,66,200,100,S,6037948,7.53,6026272,7.53
6037950,13:33:00,7.53,134,200,10000,S,6037948,7.53,6030564,7.53
6040698,13:33:04,7.55,700,700,1400,B,5905626,7.55,6040697,7.55
6040699,13:33:04,7.55,100,100,1400,B,6009498,7.55,6040697,7.55
6042253,13:33:07,7.55,100,100,1400,S,6042252,7.55,6040697,7.55
6052534,13:33:26,7.56,2000,2000,4200,B,5782207,7.56,6052533,7.56
6061471,13:33:42,7.58,200,1400,200,B,5181719,7.58,6061470,7.58
6073807,13:34:07,7.58,500,1400,500,B,5181719,7.58,6073806,7.58
6081714,13:34:24,7.58,600,1400,600,B,5181719,7.58,6081713,7.58
6097657,13:34:59,7.56,200,200,4200,S,6097656,7.56,6052533,7.56
6108499,13:35:23,7.58,100,1400,1000,B,5181719,7.58,6108498,7.58
6108500,13:35:23,7.58,600,600,1000,B,6083252,7.58,6108498,7.58
6108501,13:35:23,7.58,300,10000,1000,B,6107133,7.58,6108498,7.58
6140492,13:36:40,7.58,1000,10000,1000,B,6107133,7.58,6140491,7.58
6148352,13:36:58,7.56,200,200,4200,S,6148351,7.56,6052533,7.56
6168276,13:37:50,7.56,1800,2400,4200,S,6168275,7.56,6052533,7.56
6168277,13:37:50,7.56,600,2400,700,S,6168275,7.56,6138887,7.56
6168577,13:37:51,7.56,100,2000,700,S,6168576,7.56,6138887,7.56
6171411,13:37:58,7.56,1900,2000,2000,B,6168576,7.56,6171410,7.56
6193660,13:39:00,7.56,100,100,2000,S,6193659,7.56,6171410,7.56
6223258,13:40:24,7.56,300,300,300,S,6223257,7.56,6209241,7.56
6235301,13:40:57,7.55,200,200,1400,S,6235300,7.55,6040697,7.55
6280136,13:42:58,7.55,200,200,1400,S,6280135,7.55,6040697,7.55
6283914,13:43:07,7.55,100,100,1400,S,6283913,7.55,6040697,7.55
6304175,13:43:59,7.57,800,800,10000,B,6166605,7.57,6304174,7.57
6304176,13:43:59,7.57,1200,1200,10000,B,6195279,7.57,6304174,7.57
6304177,13:43:59,7.57,400,400,10000,B,6231884,7.57,6304174,7.57
6304178,13:43:59,7.57,2300,2300,10000,B,6287207,7.57,6304174,7.57
6321873,13:44:41,7.58,3000,10000,3000,B,6107133,7.58,6321872,7.58
6326417,13:44:51,7.57,5300,5300,10000,S,6326416,7.57,6304174,7.57
6330538,13:45:00,7.57,200,200,1000,S,6330537,7.57,6324604,7.57
6331271,13:45:01,7.57,800,2400,1000,S,6331270,7.57,6324604,7.57
6331272,13:45:01,7.57,1600,2400,5600,S,6331270,7.57,6327590,7.57
6350386,13:45:45,7.57,500,500,5600,S,6350385,7.57,6327590,7.57
6350388,13:45:45,7.57,500,500,5600,S,6350387,7.57,6327590,7.57
6350390,13:45:45,7.57,100,100,5600,S,6350389,7.57,6327590,7.57
6351680,13:45:48,7.57,500,500,5600,S,6351679,7.57,6327590,7.57
6352983,13:45:51,7.57,300,300,5600,S,6352982,7.57,6327590,7.57
6354276,13:45:54,7.57,100,100,5600,S,6354275,7.57,6327590,7.57
6355130,13:45:55,7.57,2000,5500,5600,S,6355129,7.57,6327590,7.57
6370733,13:46:29,7.57,100,5500,100,B,6355129,7.57,6370732,7.57
6385652,13:47:00,7.55,200,200,800,S,6385651,7.55,6193204,7.55
6397544,13:47:25,7.57,100,5500,100,B,6355129,7.57,6397543,7.57
6438494,13:48:47,7.56,2000,2000,25500,B,6409546,7.56,6438493,7.57
6438495,13:48:47,7.57,3300,5500,25500,B,6355129,7.57,6438493,7.57
6446547,13:49:03,7.57,20000,20000,25500,S,6446546,7.57,6438493,7.57
6447449,13:49:05,7.57,200,200,25500,S,6447448,7.57,6438493,7.57
6483168,13:50:20,7.55,500,500,800,S,6483167,7.55,6193204,7.55
6502132,13:50:59,7.55,100,500,800,S,6502131,7.55,6193204,7.55
6502133,13:50:59,7.55,400,500,3300,S,6502131,7.55,6356984,7.55
6503605,13:51:02,7.55,100,100,3300,S,6503604,7.55,6356984,7.55
6505997,13:51:07,7.55,200,200,3300,S,6505996,7.55,6356984,7.55
6512539,13:51:20,7.56,300,300,10000,B,6481973,7.56,6512538,7.56
6521334,13:51:38,7.56,300,300,10000,S,6521333,7.56,6512538,7.56
6532645,13:52:00,7.56,9400,9400,10000,S,6532644,7.56,6512538,7.56
6544929,13:52:25,7.57,300,300,20000,B,6453960,7.57,6544928,7.59
6544930,13:52:25,7.57,300,300,20000,B,6526454,7.57,6544928,7.59
6544931,13:52:25,7.58,5700,10000,20000,B,6107133,7.58,6544928,7.59
6544932,13:52:25,7.58,2600,2600,20000,B,6539663,7.58,6544928,7.59
6544933,13:52:25,7.59,700,2000,20000,B,5066205,7.59,6544928,7.59
6544934,13:52:25,7.59,3400,3400,20000,B,6159646,7.59,6544928,7.59
6544935,13:52:25,7.59,5200,5200,20000,B,6404690,7.59,6544928,7.59
6544936,13:52:25,7.59,1800,1800,20000,B,6506545,7.59,6544928,7.59
6565913,13:53:07,7.55,100,100,3300,S,6565912,7.55,6356984,7.55
6618718,13:54:37,7.55,2500,12900,3300,S,6618717,7.55,6356984,7.55
6618719,13:54:37,7.55,10000,12900,10000,S,6618717,7.55,6386082,7.55
6618720,13:54:37,7.55,400,12900,10000,S,6618717,7.55,6560751,7.55
6625036,13:54:47,7.55,9600,10000,10000,S,6625035,7.55,6560751,7.55
6628543,13:54:52,7.55,400,10000,800,B,6625035,7.55,6628542,7.55
6628544,13:54:52,7.55,400,2000,800,B,6628012,7.55,6628542,7.55
6641530,13:55:10,7.54,200,200,200,S,6641529,7.54,6269694,7.54
6676046,13:55:57,7.54,1000,2300,1000,S,6676045,7.54,6275549,7.54
6676047,13:55:57,7.54,700,2300,700,S,6676045,7.54,6530740,7.54
6679749,13:56:02,7.54,600,2300,1000,B,6676045,7.54,6679748,7.55
6679750,13:56:02,7.55,400,2000,1000,B,6628012,7.55,6679748,7.55
6690439,13:56:16,7.53,2000,2000,10000,S,6690438,7.53,6030564,7.53
6700332,13:56:28,7.55,1200,2000,1500,B,6628012,7.55,6700331,7.55
6700333,13:56:28,7.55,300,400,1500,B,6633895,7.55,6700331,7.55
6709334,13:56:39,7.53,7866,10000,10000,S,6709333,7.53,6030564,7.53
6709335,13:56:39,7.53,2134,10000,5100,S,6709333,7.53,6030745,7.53
6717989,13:56:49,7.53,500,500,5100,S,6717988,7.53,6030745,7.53
6739656,13:57:17,7.53,200,200,5100,S,6739655,7.53,6030745,7.53
6771918,13:58:05,7.54,1000,4000,1000,S,6771917,7.53,6767445,7.54
6771919,13:58:05,7.53,2266,4000,5100,S,6771917,7.53,6030745,7.53
6771920,13:58:05,7.53,500,4000,500,S,6771917,7.53,6041488,7.53
6771921,13:58:05,7.53,234,4000,10000,S,6771917,7.53,6727394,7.53
6788824,13:58:31,7.53,9766,10000,10000,S,6788823,7.53,6727394,7.53
6788825,13:58:31,7.53,234,10000,6800,S,6788823,7.53,6783163,7.53
6817807,13:59:12,7.53,100,100,6800,S,6817806,7.53,6783163,7.53
6819516,13:59:14,7.53,200,200,6800,S,6819515,7.53,6783163,7.53
6827688,13:59:28,7.55,100,400,1000,B,6633895,7.55,6827687,7.55
6827689,13:59:28,7.55,200,200,1000,B,6641740,7.55,6827687,7.55
6827690,13:59:28,7.55,500,500,1000,B,6679232,7.55,6827687,7.55
6827691,13:59:28,7.55,200,1900,1000,B,6751932,7.55,6827687,7.55
6862366,14:00:31,7.53,3500,3500,6800,S,6862365,7.53,6783163,7.53
6875021,14:00:57,7.53,200,200,6800,S,6875020,7.53,6783163,7.53
6911500,14:02:13,7.54,200,1900,200,S,6911499,7.54,6879078,7.54
6911704,14:02:13,7.54,1700,1900,1700,B,6911499,7.54,6911703,7.54
6920668,14:02:33,7.53,2300,2300,6800,S,6920667,7.53,6783163,7.53
6941094,14:03:18,7.53,266,400,6800,S,6941093,7.53,6783163,7.53
6941095,14:03:18,7.53,134,400,200,S,6941093,7.53,6828679,7.53
6984809,14:04:58,7.54,200,2000,200,B,6975120,7.54,6984808,7.54
6986945,14:05:03,7.53,66,200,200,S,6986944,7.53,6828679,7.53
6986946,14:05:03,7.53,134,200,1300,S,6986944,7.53,6833470,7.53
6988150,14:05:05,7.54,100,2000,100,B,6975120,7.54,6988149,7.54
6993623,14:05:19,7.54,900,2000,900,B,6975120,7.54,6993622,7.54
6996518,14:05:26,7.54,800,2000,4000,B,6975120,7.54,6996517,7.54
7007347,14:05:51,7.54,2000,2000,4000,S,7007346,7.54,6996517,7.54
7033612,14:06:52,7.54,1200,1200,4000,S,7033611,7.54,6996517,7.54
7035076,14:06:56,7.53,1166,1200,1300,S,7035075,7.53,6833470,7.53
7035077,14:06:56,7.53,34,1200,2900,S,7035075,7.53,6835190,7.53
7037480,14:07:01,7.53,100,100,2900,S,7037479,7.53,6835190,7.53
7040365,14:07:07,7.53,100,100,2900,S,7040364,7.53,6835190,7.53
7060006,14:07:49,7.53,500,500,2900,S,7060005,7.53,6835190,7.53
7069338,14:08:08,7.53,2166,10000,2900,S,7069337,7.53,6835190,7.53
7069339,14:08:08,7.53,7834,10000,10000,S,7069337,7.53,6840946,7.53
7069974,14:08:09,7.53,2000,2000,10000,S,7069973,7.53,6840946,7.53
7070062,14:08:10,7.53,166,500,10000,S,7070061,7.53,6840946,7.53
7070063,14:08:10,7.53,334,500,534,S,7070061,7.53,7001379,7.53
7081013,14:08:32,7.54,100,100,58700,B,7064227,7.54,7081012,7.54
7083844,14:08:38,7.54,10000,10000,58700,S,7083843,7.54,7081012,7.54
7093039,14:08:54,7.54,2400,2400,58700,S,7093038,7.54,7081012,7.54
7100260,14:09:05,7.54,200,200,58700,S,7100259,7.54,7081012,7.54
7112080,14:09:23,7.55,1000,1900,1000,B,6751932,7.55,7112079,7.55
7114510,14:09:28,7.55,500,1900,500,B,6751932,7.55,7114509,7.55
7137971,14:09:59,7.55,200,1900,200,B,6751932,7.55,7137970,7.55
7157134,14:10:24,7.54,20700,20700,58700,S,7157133,7.54,7081012,7.54
7171821,14:10:43,7.54,20000,20000,58700,S,7171820,7.54,7081012,7.54
7174967,14:10:47,7.54,4000,4000,58700,S,7174966,7.54,7081012,7.54
7176462,14:10:48,7.54,1300,1300,58700,S,7176461,7.54,7081012,7.54
7190560,14:11:05,7.53,200,200,534,S,7190559,7.53,7001379,7.53
7198685,14:11:15,7.53,1000,2000,1000,S,7198684,7.53,7173910,7.53
7198686,14:11:15,7.53,1000,2000,10000,S,7198684,7.53,7183738,7.53
7199751,14:11:16,7.53,9000,10000,10000,S,7199750,7.53,7183738,7.53
7199752,14:11:16,7.53,400,10000,400,S,7199750,7.53,7197137,7.53
7212270,14:11:32,7.52,5000,5000,5000,S,7212269,7.52,5999003,7.52
7245303,14:12:11,7.52,500,5000,500,S,7245302,7.52,6038760,7.52
7245304,14:12:11,7.52,300,5000,300,S,7245302,7.52,6422310,7.52
7245305,14:12:11,7.52,800,5000,800,S,7245302,7.52,6780478,7.52
7249676,14:12:16,7.51,10300,20000,10300,S,7249675,7.5,5959725,7.51
7249677,14:12:16,7.51,1100,20000,1100,S,7249675,7.5,5964067,7.51
7249678,14:12:16,7.51,300,20000,300,S,7249675,7.5,5967885,7.51
7249679,14:12:16,7.51,100,20000,100,S,7249675,7.5,5972502,7.51
7249680,14:12:16,7.51,300,20000,300,S,7249675,7.5,5988044,7.51
7249681,14:12:16,7.51,400,20000,400,S,7249675,7.5,5989949,7.51
7249682,14:12:16,7.51,400,20000,400,S,7249675,7.5,6008530,7.51
7249683,14:12:16,7.51,500,20000,500,S,7249675,7.5,6043956,7.51
7249684,14:12:16,7.51,1500,20000,1500,S,7249675,7.5,6523831,7.51
7249685,14:12:16,7.51,700,20000,700,S,7249675,7.5,6970469,7.51
7249686,14:12:16,7.5,2206,20000,3000,S,7249675,7.5,1856314,7.5
7249687,14:12:16,7.5,2194,20000,8000,S,7249675,7.5,1880202,7.5
7255043,14:12:22,7.52,100,5000,100,B,7245302,7.52,7255042,7.52
7267183,14:12:37,7.51,1000,1000,1600,S,7267182,7.51,7261724,7.51
7271633,14:12:42,7.52,2200,5000,2200,B,7245302,7.52,7271632,7.52
7282656,14:12:57,7.51,200,200,1600,S,7282655,7.51,7261724,7.51
7282703,14:12:57,7.51,100,100,1600,S,7282702,7.51,7261724,7.51
7282857,14:12:57,7.51,300,3300,1600,S,7282856,7.51,7261724,7.51
7282858,14:12:57,7.51,1500,3300,1500,S,7282856,7.51,7265602,7.51
7288080,14:13:04,7.51,800,3300,800,B,7282856,7.51,7288079,7.51
7288960,14:13:05,7.51,700,3300,700,B,7282856,7.51,7288959,7.51
7321514,14:13:53,7.52,1000,5000,1000,B,7245302,7.52,7321513,7.52
7327601,14:14:02,7.52,100,5000,1100,B,7245302,7.52,7327600,7.52
7327602,14:14:02,7.52,1000,1000,1100,B,7311378,7.52,7327600,7.52
7342793,14:14:27,7.52,300,300,800,S,7342792,7.52,7340600,7.52
7349376,14:14:38,7.52,500,500,800,S,7349375,7.52,7340600,7.52
7362276,14:15:00,7.52,200,200,10000,S,7362275,7.52,7346566,7.52
7367316,14:15:08,7.52,100,100,10000,S,7367315,7.52,7346566,7.52
7386198,14:15:41,7.53,600,10000,1900,B,7199750,7.53,7386197,7.53
7386199,14:15:41,7.53,1000,1000,1900,B,7375918,7.53,7386197,7.53
7434117,14:17:03,7.53,300,1300,1900,S,7434116,7.53,7386197,7.53
7434118,14:17:03,7.53,200,1300,200,S,7434116,7.53,7418923,7.53
7434119,14:17:03,7.53,800,1300,5600,S,7434116,7.53,7424710,7.53
7438577,14:17:09,7.53,200,200,5600,S,7438576,7.53,7424710,7.53
7440015,14:17:12,7.53,500,500,5600,S,7440014,7.53,7424710,7.53
7456465,14:17:41,7.54,500,500,10000,S,7456464,7.54,7443927,7.54
7456505,14:17:41,7.54,3700,3700,10000,S,7456504,7.54,7443927,7.54
7464298,14:17:56,7.54,5000,5000,10000,S,7464297,7.54,7443927,7.54
7464500,14:17:57,7.54,800,1900,10000,S,7464499,7.54,7443927,7.54
7504159,14:19:14,7.53,100,100,5600,S,7504158,7.53,7424710,7.53
7516781,14:19:36,7.53,1400,1400,5600,S,7516780,7.53,7424710,7.53
7538214,14:20:06,7.54,1100,1900,3100,B,7464499,7.54,7538213,7.54
7538215,14:20:06,7.54,2000,2000,3100,B,7487989,7.54,7538213,7.54
7557399,14:20:33,7.53,1000,1000,5600,S,7557398,7.53,7424710,7.53
7575977,14:21:00,7.53,500,500,5600,S,7575976,7.53,7424710,7.53
7583389,14:21:11,7.53,200,200,5600,S,7583388,7.53,7424710,7.53
7654362,14:23:12,7.53,500,500,5600,S,7654361,7.53,7424710,7.53
7659344,14:23:21,7.53,100,100,5600,S,7659343,7.53,7424710,7.53
7675737,14:23:53,7.53,100,100,5600,S,7675736,7.53,7424710,7.53
7693995,14:24:29,7.53,200,4000,5600,S,7693994,7.53,7424710,7.53
7693996,14:24:29,7.53,600,4000,600,S,7693994,7.53,7576296,7.53
7693997,14:24:29,7.53,1000,4000,1000,S,7693994,7.53,7608072,7.53
7693998,14:24:29,7.53,1000,4000,1000,S,7693994,7.53,7624456,7.53
7693999,14:24:29,7.53,1200,4000,3000,S,7693994,7.53,7686231,7.53
7725316,14:25:33,7.53,200,200,3000,S,7725315,7.53,7686231,7.53
7761467,14:26:52,7.54,2400,2400,4200,S,7761466,7.54,7745864,7.54
7764668,14:26:59,7.54,800,800,4200,S,7764667,7.54,7745864,7.54
7783078,14:27:38,7.54,1000,4300,4200,S,7783077,7.54,7745864,7.54
7783079,14:27:38,7.54,3300,4300,4700,S,7783077,7.54,7772656,7.54
7806346,14:28:31,7.54,1000,1000,4700,S,7806345,7.54,7772656,7.54
7832892,14:29:29,7.54,400,2400,4700,S,7832891,7.54,7772656,7.54
7832893,14:29:29,7.54,1000,2400,1000,S,7832891,7.54,7828381,7.54
7843095,14:29:53,7.53,1600,14100,3000,S,7843094,7.53,7686231,7.53
7843096,14:29:53,7.53,8400,14100,8400,S,7843094,7.53,7709813,7.53
7843097,14:29:53,7.53,3000,14100,3000,S,7843094,7.53,7720907,7.53
7843098,14:29:53,7.53,1100,14100,8000,S,7843094,7.53,7769924,7.53
7843642,14:29:54,7.54,1000,2400,1000,B,7832891,7.54,7843641,7.54
7847544,14:30:03,7.53,5500,5500,8000,S,7847543,7.53,7769924,7.53
7888557,14:31:33,7.53,1400,4600,8000,S,7888556,7.53,7769924,7.53
7888558,14:31:33,7.53,1000,4600,1000,S,7888556,7.53,7884998,7.53
7892247,14:31:41,7.53,2000,4600,2000,B,7888556,7.53,7892246,7.53
7908477,14:32:17,7.53,200,4600,200,B,7888556,7.53,7908476,7.53
7916067,14:32:34,7.52,9700,20200,10000,S,7916066,7.52,7346566,7.52
7916068,14:32:34,7.52,6700,20200,6700,S,7916066,7.52,7422969,7.52
7916069,14:32:34,7.52,2700,20200,2700,S,7916066,7.52,7439341,7.52
7916070,14:32:34,7.52,100,20200,100,S,7916066,7.52,7851709,7.52
7916071,14:32:34,7.52,1000,20200,1000,S,7916066,7.52,7893510,7.52
7928314,14:33:00,7.51,700,10800,700,S,7928313,7.51,7326811,7.51
7928315,14:33:00,7.51,700,10800,700,S,7928313,7.51,7427042,7.51
7928316,14:33:00,7.51,5000,10800,5000,S,7928313,7.51,7571171,7.51
7928317,14:33:00,7.51,100,10800,100,S,7928313,7.51,7768447,7.51
7928318,14:33:00,7.51,3300,10800,3300,S,7928313,7.51,7835200,7.51
7928319,14:33:00,7.51,1000,10800,1000,S,7928313,7.51,7903899,7.51
7948873,14:33:44,7.51,3400,3400,3400,S,7948872,7.51,7946371,7.51
7963140,14:34:13,7.51,24700,32100,24700,S,7963139,7.51,7960842,7.51
7965655,14:34:19,7.51,3300,32100,3300,B,7963139,7.51,7965654,7.51
7966560,14:34:21,7.51,3300,32100,3300,B,7963139,7.51,7966559,7.51
7966946,14:34:21,7.51,700,32100,700,B,7963139,7.51,7966945,7.51
7970092,14:34:28,7.51,100,32100,100,B,7963139,7.51,7970091,7.51
7971718,14:34:31,7.51,1000,1000,5000,B,7969625,7.51,7971717,7.51
7975745,14:34:40,7.51,4000,8000,5000,S,7975744,7.51,7971717,7.51
7975746,14:34:40,7.51,1900,8000,1900,S,7975744,7.51,7973290,7.51
7976417,14:34:42,7.51,2100,8000,3200,B,7975744,7.51,7976416,7.51
8001817,14:35:30,7.51,100,100,3200,S,8001816,7.51,7976416,7.51
8002407,14:35:31,7.51,1000,1000,3200,S,8002406,7.51,7976416,7.51
8011707,14:35:45,7.51,200,200,20000,S,8011705,7.51,8002647,7.51
8029151,14:36:10,7.52,10000,20000,10000,S,8029150,7.51,8019710,7.52
8029152,14:36:10,7.51,10000,20000,20000,S,8029150,7.51,8002647,7.51
8039925,14:36:26,7.51,3000,3000,20000,S,8039924,7.51,8002647,7.51
8050178,14:36:41,7.51,6800,8000,20000,S,8050177,7.51,8002647,7.51
8050179,14:36:41,7.51,100,8000,100,S,8050177,7.51,8002812,7.51
8066942,14:37:05,7.5,5806,20000,8000,S,8066941,7.5,1880202,7.5
8066943,14:37:05,7.5,500,20000,500,S,8066941,7.5,1893038,7.5
8066944,14:37:05,7.5,600,20000,600,S,8066941,7.5,2049637,7.5
8066945,14:37:05,7.5,500,20000,500,S,8066941,7.5,2259720,7.5
8066946,14:37:05,7.5,1000,20000,1000,S,8066941,7.5,3060993,7.5
8066947,14:37:05,7.5,2000,20000,2000,S,8066941,7.5,3384170,7.5
8066948,14:37:05,7.5,200,20000,200,S,8066941,7.5,4233923,7.5
8066949,14:37:05,7.5,9394,20000,10000,S,8066941,7.5,4349251,7.5
8069276,14:37:08,7.5,606,1206,10000,S,8069275,7.5,4349251,7.5
8069277,14:37:08,7.5,600,1206,600,S,8069275,7.5,4781078,7.5
8072593,14:37:13,7.5,4206,50000,4206,S,8072592,7.5,5033983,7.5
8072594,14:37:13,7.5,3500,50000,3500,S,8072592,7.5,5081561,7.5
8072595,14:37:13,7.5,200,50000,200,S,8072592,7.5,5371365,7.5
8072596,14:37:13,7.5,2000,50000,2000,S,8072592,7.5,5406179,7.5
8072597,14:37:13,7.5,2300,50000,2300,S,8072592,7.5,5463612,7.5
8072598,14:37:13,7.5,600,50000,600,S,8072592,7.5,5887295,7.5
8072599,14:37:13,7.5,1000,50000,1000,S,8072592,7.5,5966979,7.5
8072600,14:37:13,7.5,2000,50000,2000,S,8072592,7.5,6147026,7.5
8072601,14:37:13,7.5,5000,50000,5000,S,8072592,7.5,6365384,7.5
8072602,14:37:13,7.5,200,50000,200,S,8072592,7.5,6843323,7.5
8072603,14:37:13,7.5,2000,50000,2000,S,8072592,7.5,6919560,7.5
8072604,14:37:13,7.5,5000,50000,5000,S,8072592,7.5,7343701,7.5
8072605,14:37:13,7.5,200,50000,200,S,8072592,7.5,7447771,7.5
8072606,14:37:13,7.5,1000,50000,1000,S,8072592,7.5,7885455,7.5
8072607,14:37:13,7.5,3500,50000,3500,S,8072592,7.5,8007394,7.5
8073744,14:37:15,7.49,500,500,10000,S,8073743,7.49,1806602,7.49
8073746,14:37:15,7.49,500,500,10000,S,8073745,7.49,1806602,7.49
8076166,14:37:18,7.49,100,100,10000,S,8076165,7.49,1806602,7.49
8083892,14:37:29,7.5,600,50000,600,B,8072592,7.5,8083891,7.5
8086242,14:37:33,7.5,2000,50000,2000,B,8072592,7.5,8086241,7.5
8088373,14:37:36,7.49,5000,5000,10000,S,8088372,7.49,1806602,7.49
8090442,14:37:39,7.49,500,500,10000,S,8090441,7.49,1806602,7.49
8090444,14:37:39,7.49,100,100,10000,S,8090443,7.49,1806602,7.49
8092531,14:37:42,7.49,100,100,10000,S,8092530,7.49,1806602,7.49
8098450,14:37:51,7.5,2400,50000,2400,B,8072592,7.5,8098449,7.5
8112586,14:38:12,7.49,500,500,10000,S,8112585,7.49,1806602,7.49
8112588,14:38:12,7.49,500,500,10000,S,8112587,7.49,1806602,7.49
8112590,14:38:12,7.49,500,500,10000,S,8112589,7.49,1806602,7.49
8112592,14:38:12,7.49,500,500,10000,S,8112591,7.49,1806602,7.49
8112594,14:38:12,7.49,1200,1300,10000,S,8112593,7.49,1806602,7.49
8112596,14:38:12,7.49,100,1300,700,S,8112593,7.49,5029582,7.49
8114694,14:38:15,7.49,500,500,700,S,8114693,7.49,5029582,7.49
8114696,14:38:15,7.49,100,300,700,S,8114695,7.49,5029582,7.49
8114697,14:38:15,7.49,200,300,1000,S,8114695,7.49,5702775,7.49
8116840,14:38:18,7.49,200,200,1000,S,8116839,7.49,5702775,7.49
8128200,14:38:35,7.5,3100,50000,3100,B,8072592,7.5,8128199,7.5
8132624,14:38:42,7.5,9194,50000,10000,B,8072592,7.5,8132623,7.5
8153106,14:39:13,7.5,800,800,10000,S,8153105,7.5,8132623,7.5
8172104,14:39:41,7.5,6,1000,10000,S,8172103,7.5,8132623,7.5
8172105,14:39:41,7.5,994,1000,1000,S,8172103,7.5,8140900,7.5
8194207,14:40:14,7.51,1100,8000,1100,B,8050177,7.51,8194206,7.51
8198914,14:40:21,7.5,6,1300,1000,S,8198913,7.5,8140900,7.5
8201364,14:40:25,7.5,1200,1300,1200,B,8198913,7.5,8201363,7.5
8212993,14:40:44,7.5,94,1300,200,B,8198913,7.5,8212992,7.5
8215367,14:40:48,7.5,106,406,200,S,8215366,7.5,8212992,7.5
8215804,14:40:48,7.5,300,406,300,B,8215366,7.5,8215803,7.5
8216183,14:40:49,7.49,600,30000,1000,S,8216182,7.49,5702775,7.49
8216184,14:40:49,7.49,600,30000,600,S,8216182,7.49,7584846,7.49
8216185,14:40:49,7.49,3300,30000,3300,S,8216182,7.49,8094238,7.49
8216186,14:40:49,7.49,100,30000,100,S,8216182,7.49,8095899,7.49
8216187,14:40:49,7.49,300,30000,300,S,8216182,7.49,8109573,7.49
8216188,14:40:49,7.49,900,30000,900,S,8216182,7.49,8117171,7.49
8216189,14:40:49,7.49,4000,30000,4000,S,8216182,7.49,8130166,7.49
8216190,14:40:49,7.49,2000,30000,2000,S,8216182,7.49,8137226,7.49
8216191,14:40:49,7.49,2000,30000,2000,S,8216182,7.49,8150725,7.49
8216192,14:40:49,7.49,2300,30000,2300,S,8216182,7.49,8200611,7.49
8216928,14:40:50,7.49,3200,30000,3200,B,8216182,7.49,8216927,7.49
8226300,14:41:04,7.49,10000,30000,10000,B,8216182,7.49,8226299,7.49
8226465,14:41:05,7.48,1000,30000,1000,S,8226464,7.48,1843444,7.48
8226466,14:41:05,7.48,100,30000,100,S,8226464,7.48,2587447,7.48
8226467,14:41:05,7.48,2000,30000,2000,S,8226464,7.48,3232686,7.48
8226468,14:41:05,7.48,1000,30000,1000,S,8226464,7.48,5350644,7.48
8226469,14:41:05,7.48,500,30000,500,S,8226464,7.48,7086391,7.48
8226470,14:41:05,7.48,600,30000,600,S,8226464,7.48,7449733,7.48
8226471,14:41:05,7.48,4800,30000,4800,S,8226464,7.48,8002975,7.48
8226472,14:41:05,7.48,500,30000,500,S,8226464,7.48,8070920,7.48
8226473,14:41:05,7.48,500,30000,500,S,8226464,7.48,8129012,7.48
8226474,14:41:05,7.48,13000,30000,13000,S,8226464,7.48,8129502,7.48
8226475,14:41:05,7.48,200,30000,200,S,8226464,7.48,8129772,7.48
8226476,14:41:05,7.48,700,30000,700,S,8226464,7.48,8194559,7.48
8228805,14:41:08,7.48,400,30000,400,B,8226464,7.48,8228804,7.48
8229651,14:41:10,7.48,1400,30000,1400,B,8226464,7.48,8229650,7.48
8239753,14:41:27,7.47,300,300,1000,S,8239752,7.47,223799,7.47
8241316,14:41:29,7.48,3300,30000,5000,B,8226464,7.48,8241315,7.48
8250837,14:41:45,7.48,1700,20000,5000,S,8250836,7.48,8241315,7.48
8250838,14:41:45,7.48,3000,20000,3000,S,8250836,7.48,8248492,7.48
8250839,14:41:45,7.48,3800,20000,3800,S,8250836,7.48,8248896,7.48
8250840,14:41:45,7.48,500,20000,500,S,8250836,7.48,8249289,7.48
8259689,14:42:01,7.48,200,20000,200,B,8250836,7.48,8259688,7.48
8262475,14:42:06,7.48,10000,20000,10000,B,8250836,7.48,8262474,7.48
8265662,14:42:12,7.48,500,20000,500,B,8250836,7.48,8265661,7.48
8265823,14:42:12,7.48,300,20000,600,B,8250836,7.48,8265822,7.48
8275422,14:42:29,7.48,300,25000,600,S,8275421,7.48,8265822,7.48
8275423,14:42:29,7.48,900,25000,900,S,8275421,7.48,8267645,7.48
8275424,14:42:29,7.48,1000,25000,1000,S,8275421,7.48,8269585,7.48
8275425,14:42:29,7.48,900,25000,900,S,8275421,7.48,8270154,7.48
8275426,14:42:29,7.48,10000,25000,10000,S,8275421,7.48,8271077,7.48
8277754,14:42:33,7.47,94,94,1000,S,8277753,7.47,223799,7.47
8278485,14:42:35,7.47,606,2600,1000,S,8278484,7.47,223799,7.47
8278486,14:42:35,7.47,1000,2600,1000,S,8278484,7.47,1743694,7.47
8278487,14:42:35,7.47,994,2600,20000,S,8278484,7.47,8241380,7.47
8281462,14:42:40,7.48,10000,25000,10000,B,8275421,7.48,8281461,7.48
8282110,14:42:41,7.48,1900,25000,3700,B,8275421,7.48,8282109,7.48
8290940,14:42:57,7.49,700,30000,1500,B,8216182,7.49,8290939,7.49
8307687,14:43:26,7.5,300,300,4100,B,8248782,7.5,8307686,7.5
8307688,14:43:26,7.5,3400,3400,4100,B,8249807,7.5,8307686,7.5
8307689,14:43:26,7.5,400,400,4100,B,8251867,7.5,8307686,7.5
8309308,14:43:29,7.49,800,5000,1500,S,8309307,7.49,8290939,7.49
8320800,14:43:50,7.48,1800,30000,3700,S,8320799,7.47,8282109,7.48
8320801,14:43:50,7.48,500,30000,500,S,8320799,7.47,8299194,7.48
8320802,14:43:50,7.48,700,30000,700,S,8320799,7.47,8304152,7.48
8320803,14:43:50,7.48,700,30000,700,S,8320799,7.47,8307370,7.48
8320804,14:43:50,7.48,100,30000,100,S,8320799,7.47,8317035,7.48
8320805,14:43:50,7.47,19006,30000,20000,S,8320799,7.47,8241380,7.47
8320806,14:43:50,7.47,100,30000,100,S,8320799,7.47,8241679,7.47
8320807,14:43:50,7.47,200,30000,200,S,8320799,7.47,8257364,7.47
8320808,14:43:50,7.47,500,30000,500,S,8320799,7.47,8268705,7.47
8320809,14:43:50,7.47,400,30000,400,S,8320799,7.47,8277390,7.47
8320810,14:43:50,7.47,1500,30000,1500,S,8320799,7.47,8285321,7.47
8321497,14:43:51,7.47,3600,30000,3600,B,8320799,7.47,8321496,7.47
8325854,14:43:59,7.47,300,30000,300,B,8320799,7.47,8325853,7.47
8326977,14:44:01,7.47,594,30000,9000,B,8320799,7.47,8326976,7.47
8333743,14:44:12,7.47,300,300,9000,S,8333742,7.47,8326976,7.47
8333781,14:44:12,7.47,1000,1000,9000,S,8333780,7.47,8326976,7.47
8348086,14:44:38,7.48,2000,2000,4000,S,8348085,7.48,8339140,7.48
8357483,14:44:55,7.49,2000,5000,2000,B,8309307,7.49,8357482,7.49
8376676,14:45:26,7.48,700,700,4000,S,8376675,7.48,8339140,7.48
8388303,14:45:44,7.48,1300,1500,4000,S,8388302,7.48,8339140,7.48
8388304,14:45:44,7.48,200,1500,800,S,8388302,7.48,8345594,7.48
8392034,14:45:50,7.49,100,5000,100,B,8309307,7.49,8392033,7.49
8394863,14:45:54,7.49,500,5000,500,B,8309307,7.49,8394862,7.49
8403766,14:46:09,7.49,100,5000,100,B,8309307,7.49,8403765,7.49
8415555,14:46:27,7.49,1500,5000,2200,B,8309307,7.49,8415554,7.49
8415556,14:46:27,7.49,700,4900,2200,B,8357104,7.49,8415554,7.49
8416134,14:46:28,7.49,100,4900,100,B,8357104,7.49,8416133,7.49
8421760,14:46:37,7.48,400,400,800,S,8421759,7.48,8345594,7.48
8424616,14:46:42,7.49,4100,4900,4100,B,8357104,7.49,8424615,7.49
8426802,14:46:45,7.48,200,4100,800,S,8426801,7.48,8345594,7.48
8426803,14:46:45,7.48,800,4100,800,S,8426801,7.48,8356262,7.48
8426804,14:46:45,7.48,200,4100,200,S,8426801,7.48,8357919,7.48
8426805,14:46:45,7.48,200,4100,200,S,8426801,7.48,8372813,7.48
8426806,14:46:45,7.48,200,4100,200,S,8426801,7.48,8383045,7.48
8426807,14:46:45,7.48,1200,4100,1200,S,8426801,7.48,8385669,7.48
8426808,14:46:45,7.48,600,4100,600,S,8426801,7.48,8392706,7.48
8426809,14:46:45,7.48,200,4100,200,S,8426801,7.48,8397360,7.48
8426810,14:46:45,7.48,100,4100,100,S,8426801,7.48,8408752,7.48
8426811,14:46:45,7.48,400,4100,2000,S,8426801,7.48,8411753,7.48
8428596,14:46:48,7.48,1600,10000,2000,S,8428595,7.48,8411753,7.48
8428597,14:46:48,7.48,100,10000,100,S,8428595,7.48,8416135,7.48
8428598,14:46:48,7.48,500,10000,500,S,8428595,7.48,8422592,7.48
8428599,14:46:48,7.48,500,10000,500,S,8428595,7.48,8423691,7.48
8436572,14:47:01,7.48,500,10000,500,B,8428595,7.48,8436571,7.48
8445649,14:47:13,7.48,300,10000,300,B,8428595,7.48,8445648,7.48
8459335,14:47:34,7.48,500,10000,500,B,8428595,7.48,8459334,7.48
8463561,14:47:40,7.47,7106,20000,9000,S,8463560,7.47,8326976,7.47
8463562,14:47:40,7.47,2900,20000,2900,S,8463560,7.47,8338162,7.47
8463563,14:47:40,7.47,2000,20000,2000,S,8463560,7.47,8403886,7.47
8463564,14:47:40,7.47,100,20000,100,S,8463560,7.47,8432934,7.47
8463565,14:47:40,7.47,100,20000,100,S,8463560,7.47,8435973,7.47
8463566,14:47:40,7.47,2200,20000,2200,S,8463560,7.47,8449348,7.47
8463567,14:47:40,7.47,200,20000,200,S,8463560,7.47,8449425,7.47
8463568,14:47:40,7.47,100,20000,100,S,8463560,7.47,8461037,7.47
8473727,14:47:55,7.47,600,20000,600,B,8463560,7.47,8473726,7.47
8474507,14:47:56,7.46,700,20000,700,S,8474506,7.46,2226488,7.46
8474508,14:47:56,7.46,100,20000,100,S,8474506,7.46,2466839,7.46
8474509,14:47:56,7.46,2000,20000,2000,S,8474506,7.46,8138457,7.46
8474510,14:47:56,7.46,1000,20000,1000,S,8474506,7.46,8217013,7.46
8474511,14:47:56,7.46,700,20000,700,S,8474506,7.46,8239086,7.46
8474512,14:47:56,7.46,2000,20000,2000,S,8474506,7.46,8264677,7.46
8474513,14:47:56,7.46,1300,20000,1300,S,8474506,7.46,8271283,7.46
8474514,14:47:56,7.46,500,20000,500,S,8474506,7.46,8272421,7.46
8474515,14:47:56,7.46,300,20000,300,S,8474506,7.46,8279613,7.46
8474516,14:47:56,7.46,2300,20000,2300,S,8474506,7.46,8292946,7.46
8474517,14:47:56,7.46,2000,20000,2000,S,8474506,7.46,8331440,7.46
8474518,14:47:56,7.46,1100,20000,1100,S,8474506,7.46,8334213,7.46
8474519,14:47:56,7.46,800,20000,800,S,8474506,7.46,8388078,7.46
8474520,14:47:56,7.46,2000,20000,2000,S,8474506,7.46,8426336,7.46
8474521,14:47:56,7.46,1900,20000,1900,S,8474506,7.46,8441233,7.46
8474522,14:47:56,7.46,1300,20000,2100,S,8474506,7.46,8469439,7.46
8483515,14:48:09,7.46,800,1300,2100,S,8483514,7.46,8469439,7.46
8483516,14:48:09,7.46,200,1300,200,S,8483514,7.46,8472958,7.46
8483517,14:48:09,7.46,100,1300,100,S,8483514,7.46,8475458,7.46
8483518,14:48:09,7.46,200,1300,900,S,8483514,7.46,8478496,7.46
8486511,14:48:13,7.46,700,2300,900,S,8486510,7.46,8478496,7.46
8486512,14:48:13,7.46,700,2300,700,S,8486510,7.46,8479211,7.46
8486513,14:48:13,7.46,900,2300,19800,S,8486510,7.46,8481824,7.46
8490947,14:48:20,7.47,500,20000,500,B,8463560,7.47,8490946,7.47
8492074,14:48:21,7.46,18900,85700,19800,S,8492073,7.45,8481824,7.46
8492075,14:48:21,7.46,900,85700,900,S,8492073,7.45,8487709,7.46
8492076,14:48:21,7.45,1000,85700,1000,S,8492073,7.45,223803,7.45
8492077,14:48:21,7.45,2000,85700,2000,S,8492073,7.45,831366,7.45
8492078,14:48:21,7.45,100,85700,100,S,8492073,7.45,1755593,7.45
8492079,14:48:21,7.45,200,85700,200,S,8492073,7.45,1769129,7.45
8492080,14:48:21,7.45,1000,85700,1000,S,8492073,7.45,1826886,7.45
8492081,14:48:21,7.45,300,85700,300,S,8492073,7.45,1829860,7.45
8492082,14:48:21,7.45,3400,85700,3400,S,8492073,7.45,1852284,7.45
8492083,14:48:21,7.45,1000,85700,1000,S,8492073,7.45,1881135,7.45
8492084,14:48:21,7.45,2200,85700,2200,S,8492073,7.45,2271191,7.45
8492085,14:48:21,7.45,1000,85700,1000,S,8492073,7.45,4498414,7.45
8492086,14:48:21,7.45,4500,85700,4500,S,8492073,7.45,4503393,7.45
8492087,14:48:21,7.45,49200,85700,58000,S,8492073,7.45,7353389,7.45
8496366,14:48:28,7.46,700,8800,700,S,8496365,7.46,8494084,7.46
8496367,14:48:28,7.46,400,8800,400,S,8496365,7.46,8496110,7.46
8504885,14:48:41,7.46,700,8800,700,B,8496365,7.46,8504884,7.46
8507731,14:48:45,7.46,2300,8800,2300,B,8496365,7.46,8507730,7.46
8510636,14:48:49,7.46,3000,8800,3000,B,8496365,7.46,8510635,7.46
8510777,14:48:50,7.46,300,8800,300,B,8496365,7.46,8510776,7.46
8513241,14:48:53,7.46,1400,8800,1600,B,8496365,7.46,8513240,7.46
8514318,14:48:55,7.46,200,20000,1600,S,8514317,7.46,8513240,7.46
8514319,14:48:55,7.46,100,20000,100,S,8514317,7.46,8513603,7.46
8520779,14:49:05,7.46,600,20000,600,B,8514317,7.46,8520778,7.46
8521686,14:49:06,7.46,200,20000,200,B,8514317,7.46,8521685,7.46
8536398,14:49:28,7.46,500,20000,500,B,8514317,7.46,8536397,7.46
8542404,14:49:36,7.45,8800,30000,58000,S,8542403,7.45,7353389,7.45
8542405,14:49:36,7.45,500,30000,500,S,8542403,7.45,8275669,7.45
8542406,14:49:36,7.45,600,30000,600,S,8542403,7.45,8361444,7.45
8542407,14:49:36,7.45,200,30000,200,S,8542403,7.45,8430273,7.45
8542408,14:49:36,7.45,1600,30000,1600,S,8542403,7.45,8432583,7.45
8542409,14:49:36,7.45,400,30000,400,S,8542403,7.45,8447409,7.45
8542410,14:49:36,7.45,5000,30000,5000,S,8542403,7.45,8480002,7.45
8542411,14:49:36,7.45,3500,30000,3500,S,8542403,7.45,8498759,7.45
8542412,14:49:36,7.45,500,30000,500,S,8542403,7.45,8502146,7.45
8542413,14:49:36,7.45,5000,30000,5000,S,8542403,7.45,8510346,7.45
8542414,14:49:36,7.45,3900,30000,3900,S,8542403,7.45,8513657,7.45
8545159,14:49:40,7.46,4200,20000,4200,B,8514317,7.46,8545158,7.46
8547243,14:49:44,7.46,300,20000,300,B,8514317,7.46,8547242,7.46
8547387,14:49:44,7.46,9800,20000,9800,B,8514317,7.46,8547386,7.46
8547790,14:49:45,7.46,400,20000,400,B,8514317,7.46,8547789,7.46
8550874,14:49:49,7.46,3700,20000,6400,B,8514317,7.46,8550873,7.46
8553188,14:49:52,7.46,1000,1000,6400,S,8553187,7.46,8550873,7.46
8563455,14:50:08,7.46,300,300,6400,S,8563454,7.46,8550873,7.46
8567306,14:50:13,7.47,4194,20000,5000,B,8463560,7.47,8567305,7.47
8567307,14:50:13,7.47,500,500,5000,B,8541754,7.47,8567305,7.47
8570886,14:50:18,7.48,6000,10000,6000,B,8428595,7.48,8570885,7.48
8577573,14:50:28,7.47,306,15000,5000,S,8577572,7.47,8567305,7.47
8581387,14:50:33,7.47,6600,15000,6600,B,8577572,7.47,8581386,7.47
8584699,14:50:38,7.47,1800,15000,1800,B,8577572,7.47,8584698,7.47
8590416,14:50:47,7.47,6294,15000,7800,B,8577572,7.47,8590415,7.47
8590417,14:50:47,7.47,1506,21200,7800,B,8588868,7.47,8590415,7.47
8600486,14:51:01,7.47,2000,21200,2000,B,8588868,7.47,8600485,7.47
8606647,14:51:09,7.46,1400,1400,6400,S,8606646,7.46,8550873,7.46
8607269,14:51:10,7.47,600,21200,600,B,8588868,7.47,8607268,7.47
8607562,14:51:10,7.47,1000,21200,1000,B,8588868,7.47,8607561,7.47
8607867,14:51:11,7.47,1500,21200,1500,B,8588868,7.47,8607866,7.47
8610596,14:51:15,7.47,1200,21200,1200,B,8588868,7.47,8610595,7.47
8618123,14:51:25,7.47,1900,21200,1900,B,8588868,7.47,8618122,7.47
8620106,14:51:28,7.47,2000,21200,2000,B,8588868,7.47,8620105,7.47
8621356,14:51:30,7.47,9494,21200,10094,B,8588868,7.47,8621355,7.47
8624812,14:51:35,7.47,600,600,10094,S,8624811,7.47,8621355,7.47
8643618,14:52:01,7.48,10000,15000,10000,B,8582178,7.48,8643617,7.48
8655785,14:52:18,7.48,300,15000,300,B,8582178,7.48,8655784,7.48
8661429,14:52:27,7.48,1700,15000,1700,B,8582178,7.48,8661428,7.48
8673402,14:52:43,7.48,3000,15000,8800,B,8582178,7.48,8673401,7.48
8698451,14:53:17,7.49,3000,4200,3000,S,8698450,7.49,8691604,7.49
8703532,14:53:24,7.48,300,300,8800,S,8703531,7.48,8673401,7.48
8719254,14:53:45,7.48,3000,3000,8800,S,8719253,7.48,8673401,7.48
8719269,14:53:45,7.49,1200,4200,1200,B,8698450,7.49,8719268,7.49
