TranID,Time,Price,Volume,SaleOrderVolume,BuyOrderVolume,Type,SaleOrderID,SaleOrderPrice,BuyOrderID,BuyOrderPrice
152807,09:25:00,7.54,100,2000,100,S,145433,7.54,127034,7.54
171745,09:30:00,7.54,500,2000,500,B,145433,7.54,171744,7.54
180899,09:30:00,7.53,100,100,1000,S,180898,7.53,61606,7.53
268834,09:30:07,7.54,200,2000,200,B,145433,7.54,268833,7.54
313569,09:30:41,7.54,1200,2000,1200,B,145433,7.54,313568,7.54
354479,09:31:09,7.55,500,500,500,B,350074,7.55,354478,7.55
366906,09:31:18,7.54,1000,1000,1000,S,366905,7.54,347013,7.54
438325,09:32:09,7.53,900,2700,1000,S,438324,7.53,61606,7.53
512193,09:32:59,7.53,900,2700,900,B,438324,7.53,512192,7.53
519075,09:33:04,7.53,900,2700,1000,B,438324,7.53,519074,7.53
528194,09:33:10,7.54,5800,11500,5800,B,426520,7.54,528193,7.54
531887,09:33:13,7.53,100,100,1000,S,531886,7.53,519074,7.53
542962,09:33:21,7.54,2800,11500,2800,B,426520,7.54,542961,7.54
547151,09:33:24,7.54,2900,11500,5400,B,426520,7.54,547150,7.54
548869,09:33:25,7.54,2500,2500,5400,S,548868,7.54,547150,7.54
571451,09:33:43,7.56,4000,4000,18000,B,319966,7.56,571450,7.57
571452,09:33:43,7.57,2000,2000,18000,B,3045,7.57,571450,7.57
603382,09:34:08,7.57,3000,3000,18000,S,603381,7.57,571450,7.57
611254,09:34:14,7.57,2700,2700,18000,S,611253,7.57,571450,7.57
619914,09:34:20,7.57,6300,8700,18000,S,619913,7.57,571450,7.57
619915,09:34:20,7.57,2400,8700,18000,S,619913,7.57,581526,7.57
643005,09:34:38,7.58,1000,1000,10000,B,39999,7.58,643004,7.58
643006,09:34:38,7.58,1000,1000,10000,B,578370,7.58,643004,7.58
643007,09:34:38,7.58,1000,1000,10000,B,591253,7.58,643004,7.58
643008,09:34:38,7.58,700,700,10000,B,621984,7.58,643004,7.58
643009,09:34:38,7.58,700,700,10000,B,640063,7.58,643004,7.58
643010,09:34:38,7.58,5000,5000,10000,B,640883,7.58,643004,7.58
648367,09:34:42,7.58,500,500,10000,S,648366,7.58,643004,7.58
651750,09:34:45,7.58,100,500,10000,S,651749,7.58,643004,7.58
651751,09:34:45,7.58,200,500,200,S,651749,7.58,650859,7.58
657408,09:34:49,7.58,200,500,5700,B,651749,7.58,657407,7.58
657409,09:34:49,7.58,200,200,5700,B,652303,7.58,657407,7.58
657410,09:34:49,7.58,5300,6100,5700,B,652337,7.58,657407,7.58
660336,09:34:52,7.58,800,6100,5000,B,652337,7.58,660335,7.58
660337,09:34:52,7.58,400,400,5000,B,652970,7.58,660335,7.58
667752,09:34:57,7.58,2400,2400,5000,S,667751,7.58,660335,7.58
681306,09:35:07,7.58,1400,5020,5000,S,681305,7.58,660335,7.58
692823,09:35:16,7.57,200,200,18000,S,692822,7.57,581526,7.57
707771,09:35:27,7.57,700,700,18000,S,707770,7.57,581526,7.57
710829,09:35:29,7.57,2000,2000,18000,S,710828,7.57,581526,7.57
720018,09:35:36,7.57,1000,1000,18000,S,720017,7.57,581526,7.57
724308,09:35:39,7.57,6700,6700,18000,S,724307,7.57,581526,7.57
727242,09:35:42,7.57,2000,2000,18000,S,727241,7.57,581526,7.57
731500,09:35:45,7.57,1000,1000,18000,S,731499,7.57,581526,7.57
734816,09:35:47,7.57,2000,2700,18000,S,734815,7.57,581526,7.57
759976,09:36:06,7.57,400,2700,400,B,734815,7.57,759975,7.57
761799,09:36:07,7.57,300,2700,2300,B,734815,7.57,761798,7.57
761800,09:36:07,7.57,2000,2000,2300,B,744997,7.57,761798,7.57
797477,09:36:34,7.57,400,1200,400,B,786283,7.57,797476,7.57
805632,09:36:41,7.57,800,1200,3600,B,786283,7.57,805631,7.57
831183,09:37:01,7.58,700,5020,700,B,681305,7.58,831182,7.58
868793,09:37:32,7.57,600,600,3600,S,868792,7.57,805631,7.57
870958,09:37:34,7.58,2000,5020,2000,B,681305,7.58,870957,7.58
881154,09:37:42,7.57,2100,2100,3600,S,881153,7.57,805631,7.57
891668,09:37:51,7.58,200,5020,200,B,681305,7.58,891667,7.58
893066,09:37:53,7.58,720,5020,8520,B,681305,7.58,893065,7.58
893067,09:37:53,7.58,700,700,8520,B,712489,7.58,893065,7.58
893068,09:37:53,7.58,1300,1300,8520,B,715065,7.58,893065,7.58
893069,09:37:53,7.58,5000,5000,8520,B,718099,7.58,893065,7.58
893070,09:37:53,7.58,500,500,8520,B,721412,7.58,893065,7.58
910784,09:38:07,7.59,400,1700,400,B,167223,7.59,910783,7.59
911373,09:38:08,7.59,1300,1700,10000,B,167223,7.59,911372,7.59
911374,09:38:08,7.59,5000,5000,10000,B,489673,7.59,911372,7.59
911375,09:38:08,7.59,3700,4900,10000,B,673262,7.59,911372,7.59
915527,09:38:10,7.58,300,300,8520,S,915526,7.58,893065,7.58
921116,09:38:14,7.59,1200,4900,5000,B,673262,7.59,921115,7.59
926503,09:38:18,7.6,1000,1000,20000,B,15725,7.6,926502,7.6
926504,09:38:18,7.6,4600,4600,20000,B,254529,7.6,926502,7.6
926505,09:38:18,7.6,3100,3100,20000,B,595461,7.6,926502,7.6
930767,09:38:21,7.6,2800,2800,20000,S,930766,7.6,926502,7.6
938200,09:38:26,7.61,500,500,600,B,15750,7.61,938199,7.61
982839,09:38:57,7.61,100,500,600,S,982838,7.61,938199,7.61
1008836,09:39:17,7.61,400,500,2800,B,982838,7.61,1008835,7.62
1008837,09:39:17,7.61,500,500,2800,B,1004451,7.61,1008835,7.62
1008838,09:39:17,7.62,1000,1000,2800,B,15729,7.62,1008835,7.62
1008839,09:39:17,7.62,600,600,2800,B,134138,7.62,1008835,7.62
1008840,09:39:17,7.62,300,2800,2800,B,238463,7.62,1008835,7.62
1017992,09:39:25,7.61,200,200,500,B,1009338,7.61,1017991,7.61
1020028,09:39:27,7.61,300,2000,500,S,1020027,7.61,1017991,7.61
1028731,09:39:34,7.61,1700,2000,5000,B,1020027,7.61,1028730,7.62
1028732,09:39:34,7.62,2500,2800,5000,B,238463,7.62,1028730,7.62
1028733,09:39:34,7.62,800,1000,5000,B,905699,7.62,1028730,7.62
1039955,09:39:43,7.61,500,1000,500,B,1037364,7.61,1039954,7.61
1063813,09:40:02,7.6,8500,8900,20000,S,1063812,7.6,926502,7.6
1063814,09:40:02,7.6,300,8900,300,S,1063812,7.6,933084,7.6
1063815,09:40:02,7.6,100,8900,100,S,1063812,7.6,1003593,7.6
1068224,09:40:05,7.59,1200,1200,5000,S,1068223,7.59,921115,7.59
1105449,09:40:36,7.59,2600,5700,5000,S,1105448,7.59,921115,7.59
1105450,09:40:36,7.59,3100,5700,7000,S,1105448,7.59,987102,7.59
1130431,09:40:58,7.6,1200,1200,2000,B,1114554,7.6,1130430,7.6
1134527,09:41:02,7.6,800,800,2000,S,1134526,7.6,1130430,7.6
1136959,09:41:04,7.59,3900,3900,7000,S,1136958,7.59,987102,7.59
1155560,09:41:20,7.59,300,300,300,S,1155559,7.59,1152928,7.59
1169746,09:41:33,7.6,300,300,300,S,1169745,7.6,1169731,7.6
1237766,09:42:34,7.6,200,200,2100,B,1211303,7.6,1237765,7.6
1237767,09:42:34,7.6,1000,1000,2100,B,1221505,7.6,1237765,7.6
1237768,09:42:34,7.6,900,2000,2100,B,1229175,7.6,1237765,7.6
1251446,09:42:47,7.6,600,2000,600,B,1229175,7.6,1251445,7.6
1269444,09:43:04,7.6,500,2000,700,B,1229175,7.6,1269443,7.6
1269445,09:43:04,7.6,200,300,700,B,1251373,7.6,1269443,7.6
1310607,09:43:45,7.59,1000,1000,2600,S,1310606,7.59,1189891,7.59
1310616,09:43:45,7.59,1600,2900,2600,S,1310615,7.59,1189891,7.59
1310617,09:43:45,7.59,300,2900,300,S,1310615,7.59,1190107,7.59
1310618,09:43:45,7.59,1000,2900,1000,S,1310615,7.59,1221472,7.59
1316837,09:43:52,7.58,700,700,8000,S,1316836,7.58,996343,7.58
1413955,09:45:32,7.58,5000,5000,8000,S,1413954,7.58,996343,7.58
1420861,09:45:39,7.59,500,500,1000,B,1317117,7.59,1420860,7.59
1420862,09:45:39,7.59,300,300,1000,B,1331109,7.59,1420860,7.59
1420863,09:45:39,7.59,200,1000,1000,B,1395182,7.59,1420860,7.59
1466692,09:46:28,7.59,600,1000,600,B,1395182,7.59,1466691,7.59
1471278,09:46:33,7.58,2300,2500,8000,S,1471277,7.58,996343,7.58
1471279,09:46:33,7.58,200,2500,10000,S,1471277,7.58,1376349,7.58
1471281,09:46:33,7.58,2300,2300,10000,S,1471280,7.58,1376349,7.58
1471285,09:46:33,7.58,2300,2300,10000,S,1471284,7.58,1376349,7.58
1473611,09:46:35,7.59,200,1000,1500,B,1395182,7.59,1473610,7.59
1473612,09:46:35,7.59,900,900,1500,B,1414120,7.59,1473610,7.59
1473613,09:46:35,7.59,400,2200,1500,B,1453715,7.59,1473610,7.59
1524792,09:47:36,7.58,4700,4700,10000,S,1524791,7.58,1376349,7.58
1539605,09:47:53,7.58,500,1000,10000,S,1539604,7.58,1376349,7.58
1539606,09:47:53,7.58,500,1000,2000,S,1539604,7.58,1508671,7.58
1581265,09:48:46,7.58,800,800,2000,S,1581264,7.58,1508671,7.58
1601087,09:49:11,7.58,700,10000,2000,S,1601086,7.58,1508671,7.58
1601088,09:49:11,7.58,1300,10000,1300,S,1601086,7.58,1576004,7.58
1601089,09:49:11,7.58,1000,10000,1000,S,1601086,7.58,1597196,7.58
1620945,09:49:37,7.58,1500,10000,1500,B,1601086,7.58,1620944,7.58
1660319,09:50:26,7.58,600,10000,600,B,1601086,7.58,1660318,7.58
1670985,09:50:38,7.58,300,10000,300,B,1601086,7.58,1670984,7.58
1702513,09:51:14,7.57,100,100,3600,S,1702512,7.57,805631,7.57
1719942,09:51:35,7.58,4600,10000,5000,B,1601086,7.58,1719941,7.58
1719943,09:51:35,7.58,400,1700,5000,B,1617530,7.58,1719941,7.58
1736565,09:51:55,7.58,1300,1700,3100,B,1617530,7.58,1736564,7.58
1736566,09:51:55,7.58,600,600,3100,B,1645446,7.58,1736564,7.58
1736567,09:51:55,7.58,1000,1000,3100,B,1689169,7.58,1736564,7.58
1736568,09:51:55,7.58,200,200,3100,B,1694039,7.58,1736564,7.58
1779163,09:52:47,7.59,1800,2200,1800,B,1453715,7.59,1779162,7.59
1788753,09:52:59,7.59,5000,5000,5000,B,1470170,7.59,1788752,7.59
1789052,09:52:59,7.59,3400,3400,9500,B,1507602,7.59,1789051,7.59
1789053,09:52:59,7.59,200,200,9500,B,1529499,7.59,1789051,7.59
1789054,09:52:59,7.59,4100,4100,9500,B,1540541,7.59,1789051,7.59
1789055,09:52:59,7.59,1800,1800,9500,B,1565960,7.59,1789051,7.59
1798685,09:53:09,7.6,100,300,1600,B,1251373,7.6,1798684,7.6
1798686,09:53:09,7.6,1500,5000,1600,B,1271901,7.6,1798684,7.6
1805288,09:53:17,7.59,1500,6700,1500,B,1800569,7.59,1805287,7.59
1809125,09:53:22,7.59,3200,6700,3200,B,1800569,7.59,1809124,7.59
1811185,09:53:24,7.59,2000,6700,2000,B,1800569,7.59,1811184,7.59
1826492,09:53:42,7.6,3000,5000,3000,B,1271901,7.6,1826491,7.6
1832715,09:53:49,7.6,500,5000,1800,B,1271901,7.6,1832714,7.6
1832716,09:53:49,7.6,1300,13300,1800,B,1471169,7.6,1832714,7.6
1837576,09:53:55,7.6,12000,13300,17100,B,1471169,7.6,1837575,7.6
1837577,09:53:55,7.6,2000,2000,17100,B,1808621,7.6,1837575,7.6
1837580,09:53:55,7.6,3100,10300,17100,S,1837579,7.6,1837575,7.6
1839505,09:53:57,7.6,5300,10300,5300,B,1837579,7.6,1839504,7.6
1844845,09:54:04,7.6,1900,10300,1900,B,1837579,7.6,1844844,7.6
1855657,09:54:17,7.61,500,1000,3200,B,1037364,7.61,1855656,7.61
1855658,09:54:17,7.61,700,700,3200,B,1049514,7.61,1855656,7.61
1855659,09:54:17,7.61,500,500,3200,B,1061549,7.61,1855656,7.61
1855660,09:54:17,7.61,1000,1000,3200,B,1075511,7.61,1855656,7.61
1855661,09:54:17,7.61,500,700,3200,B,1095824,7.61,1855656,7.61
1859343,09:54:21,7.61,200,700,1700,B,1095824,7.61,1859342,7.61
1859344,09:54:21,7.61,300,300,1700,B,1238558,7.61,1859342,7.61
1859345,09:54:21,7.61,1200,1400,1700,B,1352254,7.61,1859342,7.61
1867767,09:54:31,7.61,200,1400,600,B,1352254,7.61,1867766,7.61
1867768,09:54:31,7.61,400,10000,600,B,1810146,7.61,1867766,7.61
1872741,09:54:37,7.61,8000,10000,8000,B,1810146,7.61,1872740,7.61
1873200,09:54:38,7.59,600,600,1500,S,1873199,7.59,1861178,7.59
1880095,09:54:46,7.59,400,400,1500,S,1880094,7.59,1861178,7.59
1884876,09:54:52,7.59,500,500,1500,S,1884875,7.59,1861178,7.59
1907795,09:55:21,7.6,3000,7000,3000,B,1880628,7.6,1907794,7.6
1908528,09:55:22,7.6,1700,7000,1700,B,1880628,7.6,1908527,7.6
1924738,09:55:43,7.6,2300,7000,5200,B,1880628,7.6,1924737,7.61
1924739,09:55:43,7.61,1600,10000,5200,B,1810146,7.61,1924737,7.61
1924740,09:55:43,7.61,100,100,5200,B,1872625,7.61,1924737,7.61
1924741,09:55:43,7.61,1200,2400,5200,B,1906288,7.61,1924737,7.61
1930942,09:55:51,7.59,2000,23100,2000,S,1930941,7.59,1869681,7.59
1930943,09:55:51,7.59,5300,23100,5300,S,1930941,7.59,1928019,7.59
1937985,09:56:00,7.59,15800,23100,30000,B,1930941,7.59,1937984,7.6
1937986,09:56:00,7.6,14200,65000,30000,B,1930937,7.6,1937984,7.6
1956043,09:56:23,7.6,3600,65000,3600,B,1930937,7.6,1956042,7.6
1956050,09:56:23,7.59,200,500,200,S,1956049,7.59,1938600,7.59
1960152,09:56:29,7.59,300,500,300,B,1956049,7.59,1960151,7.59
1977728,09:56:53,7.6,3900,65000,3900,B,1930937,7.6,1977727,7.6
1978117,09:56:54,7.6,500,65000,500,B,1930937,7.6,1978116,7.6
1989977,09:57:11,7.6,1800,65000,1800,B,1930937,7.6,1989976,7.6
1999094,09:57:24,7.6,3700,65000,3700,B,1930937,7.6,1999093,7.6
2005338,09:57:33,7.6,400,65000,400,B,1930937,7.6,2005337,7.6
2009819,09:57:40,7.6,5600,65000,5600,B,1930937,7.6,2009818,7.6
2013842,09:57:45,7.59,2600,2600,3000,S,2013841,7.59,1969375,7.59
2022745,09:57:57,7.59,400,1000,3000,S,2022744,7.59,1969375,7.59
2022746,09:57:57,7.59,600,1000,700,S,2022744,7.59,1971569,7.59
2028306,09:58:04,7.59,100,6700,700,S,2028305,7.59,1971569,7.59
2028307,09:58:04,7.59,5200,6700,5200,S,2028305,7.59,1980474,7.59
2028308,09:58:04,7.59,1200,6700,1200,S,2028305,7.59,1981271,7.59
2028309,09:58:04,7.59,200,6700,1000,S,2028305,7.59,1992128,7.59
2046619,09:58:29,7.6,3400,65000,3400,B,1930937,7.6,2046618,7.6
2054560,09:58:39,7.6,5400,65000,5400,B,1930937,7.6,2054559,7.6
2072920,09:59:01,7.6,22500,65000,23200,B,1930937,7.6,2072919,7.6
2072921,09:59:01,7.6,500,500,23200,B,2009211,7.6,2072919,7.6
2072922,09:59:01,7.6,200,200,23200,B,2072647,7.6,2072919,7.6
2097840,09:59:31,7.61,1200,2400,3400,B,1906288,7.61,2097839,7.61
2097841,09:59:31,7.61,1000,1000,3400,B,1907178,7.61,2097839,7.61
2097842,09:59:31,7.61,1200,1700,3400,B,1917166,7.61,2097839,7.61
2105738,09:59:41,7.6,1800,1800,5300,S,2105737,7.6,2080604,7.6
2110187,09:59:47,7.6,2000,2000,5300,S,2110186,7.6,2080604,7.6
2110779,09:59:48,7.61,100,1700,100,B,1917166,7.61,2110778,7.61
2112888,09:59:50,7.61,400,1700,5300,B,1917166,7.61,2112887,7.61
2112889,09:59:50,7.61,3000,3000,5300,B,1920165,7.61,2112887,7.61
2112890,09:59:50,7.61,1900,2000,5300,B,1926640,7.61,2112887,7.61
2113156,09:59:51,7.6,1500,1500,5300,S,2113155,7.6,2080604,7.6
2115985,09:59:54,7.61,100,2000,2000,B,1926640,7.61,2115984,7.61
2115986,09:59:54,7.61,1900,7000,2000,B,1967186,7.61,2115984,7.61
2118134,09:59:57,7.61,5100,7000,5100,B,1967186,7.61,2118133,7.61
2153501,10:00:35,7.62,200,1000,3400,B,905699,7.62,2153500,7.62
2153502,10:00:35,7.62,2000,2000,3400,B,1024567,7.62,2153500,7.62
2153503,10:00:35,7.62,1000,1000,3400,B,1117264,7.62,2153500,7.62
2153504,10:00:35,7.62,200,1000,3400,B,1131573,7.62,2153500,7.62
2158787,10:00:41,7.62,800,1000,1700,B,1131573,7.62,2158786,7.62
2158788,10:00:41,7.62,300,300,1700,B,1180676,7.62,2158786,7.62
2158789,10:00:41,7.62,600,1000,1700,B,1258281,7.62,2158786,7.62
2165729,10:00:49,7.62,400,1000,6900,B,1258281,7.62,2165728,7.62
2165730,10:00:49,7.62,2000,2000,6900,B,1338336,7.62,2165728,7.62
2165731,10:00:49,7.62,1700,1700,6900,B,1979605,7.62,2165728,7.62
2165732,10:00:49,7.62,200,200,6900,B,2153252,7.62,2165728,7.62
2165733,10:00:49,7.62,200,200,6900,B,2158389,7.62,2165728,7.62
2166498,10:00:50,7.63,500,500,1800,B,15751,7.63,2166497,7.63
2166499,10:00:50,7.63,800,800,1800,B,80860,7.63,2166497,7.63
2166500,10:00:50,7.63,500,2000,1800,B,122795,7.63,2166497,7.63
2167219,10:00:50,7.62,1300,1300,6900,S,2167218,7.62,2165728,7.62
2174170,10:00:59,7.62,500,500,6900,S,2174169,7.62,2165728,7.62
2175730,10:01:01,7.63,1500,2000,25000,B,122795,7.63,2175729,7.63
2175731,10:01:01,7.63,1000,1000,25000,B,178014,7.63,2175729,7.63
2175732,10:01:01,7.63,700,700,25000,B,961241,7.63,2175729,7.63
2175733,10:01:01,7.63,4000,4000,25000,B,1021543,7.63,2175729,7.63
2175734,10:01:01,7.63,3000,3000,25000,B,1112725,7.63,2175729,7.63
2175735,10:01:01,7.63,700,700,25000,B,1412128,7.63,2175729,7.63
2175736,10:01:01,7.63,10000,10000,25000,B,1911166,7.63,2175729,7.63
2175737,10:01:01,7.63,200,200,25000,B,2143648,7.63,2175729,7.63
2179978,10:01:06,7.63,200,200,25000,S,2179977,7.63,2175729,7.63
2183548,10:01:11,7.64,1000,1000,24000,B,15730,7.64,2183547,7.64
2183549,10:01:11,7.64,2000,2000,24000,B,220992,7.64,2183547,7.64
2183550,10:01:11,7.64,300,300,24000,B,688671,7.64,2183547,7.64
2183551,10:01:11,7.64,5000,5000,24000,B,881639,7.64,2183547,7.64
2183552,10:01:11,7.64,500,500,24000,B,940233,7.64,2183547,7.64
2183553,10:01:11,7.64,5000,5000,24000,B,951995,7.64,2183547,7.64
2183554,10:01:11,7.64,5000,5000,24000,B,963181,7.64,2183547,7.64
2183555,10:01:11,7.64,3300,3300,24000,B,1021158,7.64,2183547,7.64
2183556,10:01:11,7.64,500,500,24000,B,1133283,7.64,2183547,7.64
2183557,10:01:11,7.64,300,300,24000,B,1879112,7.64,2183547,7.64
2183558,10:01:11,7.64,1100,5000,24000,B,2179232,7.64,2183547,7.64
2183943,10:01:11,7.64,3900,5000,5300,B,2179232,7.64,2183942,7.65
2183944,10:01:11,7.65,500,500,5300,B,15752,7.65,2183942,7.65
2183945,10:01:11,7.65,900,1400,5300,B,45192,7.65,2183942,7.65
2190629,10:01:20,7.65,300,1400,300,B,45192,7.65,2190628,7.65
2192799,10:01:23,7.64,3400,5000,3400,S,2192798,7.64,2186134,7.64
2192800,10:01:23,7.64,1600,5000,3600,S,2192798,7.64,2186538,7.64
2196443,10:01:28,7.65,200,1400,4700,B,45192,7.65,2196442,7.65
2196444,10:01:28,7.65,4500,5200,4700,B,225617,7.65,2196442,7.65
2196965,10:01:29,7.65,700,5200,2900,B,225617,7.65,2196964,7.65
2196966,10:01:29,7.65,2200,10000,2900,B,246372,7.65,2196964,7.65
2197942,10:01:30,7.65,6500,10000,6500,B,246372,7.65,2197941,7.65
2200650,10:01:34,7.65,1300,10000,4700,B,246372,7.65,2200649,7.65
2200651,10:01:34,7.65,2700,2700,4700,B,257255,7.65,2200649,7.65
2200652,10:01:34,7.65,700,5000,4700,B,271389,7.65,2200649,7.65
2200935,10:01:34,7.65,4300,5000,7300,B,271389,7.65,2200934,7.65
2200936,10:01:34,7.65,3000,10000,7300,B,1095959,7.65,2200934,7.65
2202835,10:01:36,7.65,3400,10000,3400,B,1095959,7.65,2202834,7.65
2204391,10:01:38,7.65,1000,10000,1000,B,1095959,7.65,2204390,7.65
2207719,10:01:43,7.65,700,10000,700,B,1095959,7.65,2207718,7.65
2222737,10:02:02,7.64,200,200,3600,S,2222736,7.64,2186538,7.64
2229763,10:02:10,7.64,1800,5300,3600,S,2229762,7.64,2186538,7.64
2229764,10:02:10,7.64,3500,5300,43100,S,2229762,7.64,2195258,7.64
2233519,10:02:15,7.64,1000,1000,43100,S,2233518,7.64,2195258,7.64
2234896,10:02:16,7.64,20000,20000,43100,S,2234895,7.64,2195258,7.64
2234901,10:02:16,7.64,10300,10300,43100,S,2234900,7.64,2195258,7.64
2236276,10:02:18,7.64,8300,30000,43100,S,2236275,7.64,2195258,7.64
2236277,10:02:18,7.64,5200,30000,5200,S,2236275,7.64,2196155,7.64
2237688,10:02:20,7.64,5200,30000,5200,B,2236275,7.64,2237687,7.64
2241165,10:02:24,7.63,700,700,25000,S,2241164,7.63,2175729,7.63
2243344,10:02:27,7.64,1000,30000,1000,B,2236275,7.64,2243343,7.64
2247776,10:02:32,7.63,3000,7000,25000,S,2247775,7.63,2175729,7.63
2247777,10:02:32,7.63,1000,7000,1000,S,2247775,7.63,2182898,7.63
2251710,10:02:37,7.63,3000,7000,3200,B,2247775,7.63,2251709,7.63
2251711,10:02:37,7.63,200,2000,3200,B,2247983,7.63,2251709,7.63
2253987,10:02:39,7.62,600,600,6900,S,2253986,7.62,2165728,7.62
2278048,10:03:11,7.62,1500,2000,1500,B,2260131,7.62,2278047,7.62
2284326,10:03:20,7.62,400,2000,400,B,2260131,7.62,2284325,7.62
2297360,10:03:40,7.61,200,200,600,S,2297359,7.61,2224033,7.61
2297417,10:03:40,7.62,100,2000,3400,B,2260131,7.62,2297416,7.62
2297418,10:03:40,7.62,2200,2200,3400,B,2268235,7.62,2297416,7.62
2297419,10:03:40,7.62,1100,1300,3400,B,2269688,7.62,2297416,7.62
2318749,10:04:12,7.62,200,1300,11900,B,2269688,7.62,2318748,7.62
2318750,10:04:12,7.62,11700,18600,11900,B,2278842,7.62,2318748,7.62
2325562,10:04:22,7.62,500,18600,500,B,2278842,7.62,2325561,7.62
2336511,10:04:39,7.62,6000,18600,6000,B,2278842,7.62,2336510,7.62
2339359,10:04:44,7.62,400,18600,3300,B,2278842,7.62,2339358,7.63
2339360,10:04:44,7.63,1800,2000,3300,B,2247983,7.63,2339358,7.63
2339361,10:04:44,7.63,1100,4000,3300,B,2251922,7.63,2339358,7.63
2358416,10:05:14,7.62,1000,1000,2000,B,2342279,7.62,2358415,7.62
2362592,10:05:20,7.62,1000,2000,2000,S,2362591,7.62,2358415,7.62
2379630,10:05:46,7.62,1000,2000,3600,B,2362591,7.62,2379629,7.63
2379631,10:05:46,7.63,2600,4000,3600,B,2251922,7.63,2379629,7.63
2387320,10:05:58,7.63,300,4000,5200,B,2251922,7.63,2387319,7.64
2387321,10:05:58,7.63,1000,1000,5200,B,2348735,7.63,2387319,7.64
2387322,10:05:58,7.63,1000,1000,5200,B,2349696,7.63,2387319,7.64
2387323,10:05:58,7.63,600,600,5200,B,2356064,7.63,2387319,7.64
2387324,10:05:58,7.63,2000,2000,5200,B,2358802,7.63,2387319,7.64
2387325,10:05:58,7.64,300,30000,5200,B,2236275,7.64,2387319,7.64
2399837,10:06:17,7.63,5000,5000,6400,B,2396787,7.63,2399836,7.64
2399838,10:06:17,7.64,1400,30000,6400,B,2236275,7.64,2399836,7.64
2418882,10:06:46,7.63,2000,2000,3400,B,2403669,7.63,2418881,7.63
2418883,10:06:46,7.63,1400,5000,3400,B,2406897,7.63,2418881,7.63
2425503,10:06:55,7.62,800,8900,800,S,2425502,7.62,2383480,7.62
2425504,10:06:55,7.62,5300,8900,5300,S,2425502,7.62,2390220,7.62
2425505,10:06:55,7.62,2800,8900,4300,S,2425502,7.62,2404561,7.62
2426560,10:06:57,7.62,200,200,4300,S,2426559,7.62,2404561,7.62
2428594,10:07:00,7.63,3600,5000,4500,B,2406897,7.63,2428593,7.63
2428595,10:07:00,7.63,900,900,4500,B,2418692,7.63,2428593,7.63
2445442,10:07:24,7.62,1300,7700,4300,S,2445441,7.62,2404561,7.62
2445443,10:07:24,7.62,5200,7700,5200,S,2445441,7.62,2427784,7.62
2458824,10:07:45,7.61,200,200,600,S,2458823,7.61,2224033,7.61
2475022,10:08:10,7.62,1000,7700,1000,B,2445441,7.62,2475021,7.62
2487869,10:08:30,7.62,200,7700,5000,B,2445441,7.62,2487868,7.62
2487870,10:08:30,7.62,1900,1900,5000,B,2452648,7.62,2487868,7.62
2487871,10:08:30,7.62,1000,1000,5000,B,2459557,7.62,2487868,7.62
2492824,10:08:38,7.62,1900,7500,5000,S,2492823,7.62,2487868,7.62
2492825,10:08:38,7.62,5200,7500,5200,S,2492823,7.62,2491267,7.62
2494226,10:08:40,7.62,400,7500,400,B,2492823,7.62,2494225,7.62
2540789,10:09:50,7.61,200,300,600,S,2540788,7.61,2224033,7.61
2540790,10:09:50,7.61,100,300,1100,S,2540788,7.61,2238353,7.61
2555343,10:10:10,7.61,1000,2000,1100,S,2555342,7.61,2238353,7.61
2555344,10:10:10,7.61,1000,2000,1000,S,2555342,7.61,2331717,7.61
2558565,10:10:15,7.61,300,10000,300,S,2558564,7.61,2347622,7.61
2558566,10:10:15,7.61,3000,10000,3000,S,2558564,7.61,2483739,7.61
2558567,10:10:15,7.61,1000,10000,1000,S,2558564,7.61,2501959,7.61
2558568,10:10:15,7.61,5000,10000,5000,S,2558564,7.61,2509493,7.61
2558569,10:10:15,7.61,700,10000,5200,S,2558564,7.61,2557363,7.61
2569448,10:10:32,7.61,1300,1300,5200,S,2569447,7.61,2557363,7.61
2596291,10:11:13,7.63,1500,15000,1500,B,2438103,7.63,2596290,7.63
2664243,10:13:01,7.61,3200,10000,5200,S,2664242,7.6,2557363,7.61
2664244,10:13:01,7.61,3000,10000,3000,S,2664242,7.6,2557919,7.61
2664245,10:13:01,7.6,3800,10000,5000,S,2664242,7.6,2284836,7.6
2666565,10:13:05,7.62,900,900,5200,B,2661177,7.62,2666564,7.63
2666566,10:13:05,7.62,1600,1600,5200,B,2664984,7.62,2666564,7.63
2666567,10:13:05,7.63,2700,15000,5200,B,2438103,7.63,2666564,7.63
2708864,10:14:16,7.63,800,15000,800,B,2438103,7.63,2708863,7.63
2712617,10:14:23,7.61,5000,10000,5000,S,2712616,7.61,2696062,7.61
2712618,10:14:23,7.61,5000,10000,5200,S,2712616,7.61,2710989,7.61
2768508,10:15:58,7.61,200,1000,5200,S,2768507,7.61,2710989,7.61
2771217,10:16:02,7.61,800,1000,5200,B,2768507,7.61,2771216,7.63
2771218,10:16:02,7.62,400,400,5200,B,2728291,7.62,2771216,7.63
2771219,10:16:02,7.62,400,400,5200,B,2731996,7.62,2771216,7.63
2771220,10:16:02,7.62,2000,2000,5200,B,2738291,7.62,2771216,7.63
2771221,10:16:02,7.62,1000,1000,5200,B,2747807,7.62,2771216,7.63
2771222,10:16:02,7.63,600,15000,5200,B,2438103,7.63,2771216,7.63
2793375,10:16:39,7.63,300,15000,300,B,2438103,7.63,2793374,7.63
2795446,10:16:43,7.6,1000,1000,5000,S,2795445,7.6,2284836,7.6
2798440,10:16:48,7.6,200,2000,5000,S,2798439,7.6,2284836,7.6
2798441,10:16:48,7.6,1800,2000,5000,S,2798439,7.6,2289214,7.6
2805372,10:16:59,7.63,100,15000,100,B,2438103,7.63,2805371,7.63
2805385,10:16:59,7.63,2500,15000,2500,B,2438103,7.63,2805384,7.63
2823547,10:17:27,7.62,1000,1000,5200,B,2815004,7.62,2823546,7.63
2823548,10:17:27,7.63,4200,15000,5200,B,2438103,7.63,2823546,7.63
2857354,10:18:16,7.6,3200,20300,5000,S,2857353,7.6,2289214,7.6
2857355,10:18:16,7.6,2500,20300,2500,S,2857353,7.6,2303912,7.6
2857356,10:18:16,7.6,500,20300,500,S,2857353,7.6,2363909,7.6
2857357,10:18:16,7.6,1000,20300,1000,S,2857353,7.6,2478736,7.6
2857358,10:18:16,7.6,1000,20300,1000,S,2857353,7.6,2499702,7.6
2857359,10:18:16,7.6,5000,20300,5000,S,2857353,7.6,2559821,7.6
2857360,10:18:16,7.6,800,20300,800,S,2857353,7.6,2707734,7.6
2857361,10:18:16,7.6,2000,20300,2000,S,2857353,7.6,2768914,7.6
2857362,10:18:16,7.6,2000,20300,2000,S,2857353,7.6,2805853,7.6
2857866,10:18:17,7.6,2300,20300,2300,B,2857353,7.6,2857865,7.6
2861811,10:18:24,7.6,400,400,400,B,2861596,7.6,2861810,7.6
2914706,10:19:53,7.62,1000,1000,1000,B,2824393,7.62,2914705,7.62
2917393,10:19:58,7.6,600,600,600,S,2917392,7.6,2863444,7.6
2940732,10:20:37,7.6,2000,2000,5200,S,2940731,7.6,2873897,7.6
2942752,10:20:41,7.6,3200,5000,5200,S,2942751,7.6,2873897,7.6
2942753,10:20:41,7.6,1800,5000,5000,S,2942751,7.6,2885810,7.6
2950627,10:20:57,7.6,1000,1000,5000,S,2950626,7.6,2885810,7.6
2955190,10:21:05,7.6,2200,10000,5000,S,2955189,7.6,2885810,7.6
2955191,10:21:05,7.6,5200,10000,5200,S,2955189,7.6,2944255,7.6
2986708,10:22:06,7.6,2600,10000,10000,B,2955189,7.6,2986707,7.6
2986709,10:22:06,7.6,600,600,10000,B,2967759,7.6,2986707,7.6
2996100,10:22:24,7.6,6800,10000,10000,S,2996099,7.6,2986707,7.6
3004790,10:22:41,7.6,3200,10000,9700,B,2996099,7.6,3004789,7.6
3004791,10:22:41,7.6,1200,1200,9700,B,2996740,7.6,3004789,7.6
3014388,10:23:00,7.6,5300,10000,9700,S,3014387,7.6,3004789,7.6
3014389,10:23:00,7.6,4700,10000,5200,S,3014387,7.6,3013087,7.6
3026094,10:23:24,7.6,500,900,5200,S,3026093,7.6,3013087,7.6
3036006,10:23:45,7.6,400,900,4000,B,3026093,7.6,3036005,7.6
3036049,10:23:45,7.6,3600,26000,4000,S,3036048,7.6,3036005,7.6
3047036,10:24:08,7.59,800,50000,1000,S,3047035,7.59,1992128,7.59
3047037,10:24:08,7.59,500,50000,500,S,3047035,7.59,2053103,7.59
3047038,10:24:08,7.59,10000,50000,10000,S,3047035,7.59,2276115,7.59
3047039,10:24:08,7.59,1400,50000,1400,S,3047035,7.59,2326240,7.59
3047040,10:24:08,7.59,800,50000,800,S,3047035,7.59,2377178,7.59
3047041,10:24:08,7.59,3000,50000,3000,S,3047035,7.59,2431014,7.59
3047042,10:24:08,7.59,1100,50000,1100,S,3047035,7.59,2857435,7.59
3047043,10:24:08,7.59,3000,50000,3000,S,3047035,7.59,2864818,7.59
3047044,10:24:08,7.59,3000,50000,3000,S,3047035,7.59,2978263,7.59
3047045,10:24:08,7.59,5000,50000,5000,S,3047035,7.59,3022911,7.59
3047046,10:24:08,7.59,300,50000,300,S,3047035,7.59,3030826,7.59
3049805,10:24:14,7.59,1000,50000,1000,B,3047035,7.59,3049804,7.59
3054151,10:24:23,7.59,20100,50000,90000,B,3047035,7.59,3054150,7.6
3054152,10:24:23,7.6,22400,26000,90000,B,3036048,7.6,3054150,7.6
3060339,10:24:37,7.6,4000,4000,90000,S,3060338,7.6,3054150,7.6
3060397,10:24:37,7.61,5000,36000,5000,B,2923933,7.61,3060396,7.61
3065567,10:24:48,7.61,30000,36000,30000,B,2923933,7.61,3065566,7.61
3065579,10:24:48,7.6,43500,60000,90000,S,3065578,7.6,3054150,7.6
3065580,10:24:48,7.6,10000,60000,10000,S,3065578,7.6,3058854,7.6
3065581,10:24:48,7.6,5200,60000,5200,S,3065578,7.6,3059992,7.6
3070936,10:25:00,7.58,100,100,100,S,3070935,7.58,1777947,7.58
3073813,10:25:06,7.6,1300,60000,2000,B,3065578,7.6,3073812,7.6
3079939,10:25:20,7.6,500,500,2000,S,3079938,7.6,3073812,7.6
3166188,10:28:30,7.61,1000,36000,3600,B,2923933,7.61,3166187,7.61
3166189,10:28:30,7.61,100,100,3600,B,3134957,7.61,3166187,7.61
3166190,10:28:30,7.61,2500,3900,3600,B,3142380,7.61,3166187,7.61
3176700,10:28:55,7.61,1000,3900,1000,B,3142380,7.61,3176699,7.61
3184163,10:29:12,7.61,400,3900,5200,B,3142380,7.61,3184162,7.62
3184164,10:29:12,7.62,3300,3300,5200,B,2894655,7.62,3184162,7.62
3184165,10:29:12,7.62,1500,2600,5200,B,2927738,7.62,3184162,7.62
3204933,10:30:00,7.6,200,700,2000,S,3204932,7.6,3073812,7.6
3204934,10:30:00,7.6,500,700,5000,S,3204932,7.6,3087467,7.6
3210442,10:30:11,7.61,1000,6000,1000,S,3210441,7.61,3209508,7.61
3210653,10:30:12,7.61,3000,6000,3000,B,3210441,7.61,3210652,7.61
3251245,10:31:40,7.61,400,6000,400,B,3210441,7.61,3251244,7.61
3260937,10:32:01,7.61,1600,6000,3800,B,3210441,7.61,3260936,7.61
3278299,10:32:39,7.61,2200,3300,3800,S,3278298,7.61,3260936,7.61
3278300,10:32:39,7.61,1100,3300,5200,S,3278298,7.61,3266566,7.61
3292319,10:33:11,7.61,3000,3000,5200,S,3292318,7.61,3266566,7.61
3300859,10:33:31,7.61,1100,1200,5200,S,3300858,7.61,3266566,7.61
3300860,10:33:31,7.61,100,1200,2400,S,3300858,7.61,3280229,7.61
3312835,10:33:55,7.61,2000,2000,2400,S,3312834,7.61,3280229,7.61
3313217,10:33:56,7.61,300,5500,2400,S,3313216,7.61,3280229,7.61
3313218,10:33:56,7.61,5200,5500,5200,S,3313216,7.61,3302505,7.61
3365029,10:35:36,7.6,2000,2000,5000,S,3365028,7.6,3087467,7.6
3376170,10:35:57,7.6,2500,5600,5000,S,3376169,7.6,3087467,7.6
3376171,10:35:57,7.6,700,5600,700,S,3376169,7.6,3109368,7.6
3376172,10:35:57,7.6,2400,5600,5000,S,3376169,7.6,3131154,7.6
3376199,10:35:57,7.6,2100,2100,5000,S,3376198,7.6,3131154,7.6
3380820,10:36:06,7.61,1400,1400,2100,B,3315707,7.61,3380819,7.61
3380821,10:36:06,7.61,700,3000,2100,B,3317198,7.61,3380819,7.61
3396695,10:36:39,7.6,200,200,5000,S,3396694,7.6,3131154,7.6
3414526,10:37:13,7.61,2300,3000,5200,B,3317198,7.61,3414525,7.61
3414527,10:37:13,7.61,2900,3000,5200,B,3342253,7.61,3414525,7.61
3442952,10:38:04,7.61,100,3000,100,B,3342253,7.61,3442951,7.61
3469320,10:39:05,7.6,300,1000,5000,S,3469319,7.6,3131154,7.6
3469321,10:39:05,7.6,500,1000,500,S,3469319,7.6,3232932,7.6
3469322,10:39:05,7.6,200,1000,200,S,3469319,7.6,3239536,7.6
3472691,10:39:13,7.61,500,500,10400,B,3377049,7.61,3472690,7.61
3472692,10:39:13,7.61,1400,1400,10400,B,3463101,7.61,3472690,7.61
3478616,10:39:28,7.62,1100,2600,5200,B,2927738,7.62,3478615,7.62
3478617,10:39:28,7.62,200,200,5200,B,3189579,7.62,3478615,7.62
3478618,10:39:28,7.62,2000,2000,5200,B,3208750,7.62,3478615,7.62
3478619,10:39:28,7.62,700,700,5200,B,3210435,7.62,3478615,7.62
3478620,10:39:28,7.62,1200,2000,5200,B,3224734,7.62,3478615,7.62
3491516,10:39:59,7.62,600,2000,600,B,3224734,7.62,3491515,7.62
3494312,10:40:05,7.61,500,500,10400,S,3494311,7.61,3472690,7.61
3517613,10:41:01,7.62,200,2000,2700,B,3224734,7.62,3517612,7.62
3517614,10:41:01,7.62,2500,5000,2700,B,3236926,7.62,3517612,7.62
3534473,10:41:43,7.62,2500,5000,5200,B,3236926,7.62,3534472,7.62
3534474,10:41:43,7.62,600,600,5200,B,3238425,7.62,3534472,7.62
3534475,10:41:43,7.62,2000,2000,5200,B,3272068,7.62,3534472,7.62
3534476,10:41:43,7.62,100,2000,5200,B,3367934,7.62,3534472,7.62
3536243,10:41:47,7.62,700,2000,700,B,3367934,7.62,3536242,7.62
3551884,10:42:26,7.62,1200,2000,5000,B,3367934,7.62,3551883,7.62
3551885,10:42:26,7.62,3800,4000,5000,B,3492400,7.62,3551883,7.62
3587089,10:43:58,7.62,200,4000,5200,B,3492400,7.62,3587088,7.62
3587090,10:43:58,7.62,1000,1000,5200,B,3496166,7.62,3587088,7.62
3587091,10:43:58,7.62,3000,3000,5200,B,3520756,7.62,3587088,7.62
3587092,10:43:58,7.62,700,700,5200,B,3542014,7.62,3587088,7.62
3587093,10:43:58,7.62,300,1500,5200,B,3578159,7.62,3587088,7.62
3620483,10:45:21,7.61,1800,1800,10400,S,3620482,7.61,3472690,7.61
3628182,10:45:40,7.61,5000,5000,10400,S,3628181,7.61,3472690,7.61
3647845,10:46:28,7.62,1200,1500,5200,B,3578159,7.62,3647844,7.62
3647846,10:46:28,7.62,4000,10000,5200,B,3581438,7.62,3647844,7.62
3657461,10:46:51,7.62,100,10000,100,B,3581438,7.62,3657460,7.62
3680318,10:47:51,7.62,3500,10000,3500,B,3581438,7.62,3680317,7.62
3699848,10:48:43,7.62,2400,10000,5200,B,3581438,7.62,3699847,7.63
3699849,10:48:43,7.63,2300,15000,5200,B,2438103,7.63,3699847,7.63
3699850,10:48:43,7.63,100,100,5200,B,2640174,7.63,3699847,7.63
3699851,10:48:43,7.63,400,1900,5200,B,2712666,7.63,3699847,7.63
3703373,10:48:52,7.61,500,500,10400,S,3703372,7.61,3472690,7.61
3716581,10:49:26,7.61,100,100,10400,S,3716580,7.61,3472690,7.61
3726646,10:49:52,7.61,600,600,10400,S,3726645,7.61,3472690,7.61
3737733,10:50:20,7.62,100,100,1100,S,3737732,7.62,3734653,7.62
3751879,10:50:59,7.63,1500,1900,5200,B,2712666,7.63,3751878,7.63
3751880,10:50:59,7.63,1000,1000,5200,B,2720508,7.63,3751878,7.63
3751881,10:50:59,7.63,2000,2000,5200,B,2826987,7.63,3751878,7.63
3751882,10:50:59,7.63,700,700,5200,B,2888200,7.63,3751878,7.63
3761055,10:51:24,7.62,1000,1000,1100,S,3761054,7.62,3734653,7.62
3781745,10:52:21,7.63,25400,25400,48100,B,2904419,7.63,3781743,7.63
3781746,10:52:21,7.63,1600,1600,48100,B,2961561,7.63,3781743,7.63
3781747,10:52:21,7.63,500,500,48100,B,3246068,7.63,3781743,7.63
3781748,10:52:21,7.63,5000,5000,48100,B,3281954,7.63,3781743,7.63
3781749,10:52:21,7.63,100,100,48100,B,3496499,7.63,3781743,7.63
3781750,10:52:21,7.63,1500,1500,48100,B,3732788,7.63,3781743,7.63
3781751,10:52:21,7.63,500,500,48100,B,3735010,7.63,3781743,7.63
3795237,10:52:56,7.64,8600,30000,9000,B,2236275,7.64,3795236,7.64
3795238,10:52:56,7.64,400,1000,9000,B,2332372,7.64,3795236,7.64
3798682,10:53:04,7.64,600,1000,6000,B,2332372,7.64,3798681,7.64
3798683,10:53:04,7.64,1000,1000,6000,B,2419687,7.64,3798681,7.64
3798684,10:53:04,7.64,200,200,6000,B,2421449,7.64,3798681,7.64
3798685,10:53:04,7.64,2000,2000,6000,B,2910138,7.64,3798681,7.64
3798686,10:53:04,7.64,300,300,6000,B,3391819,7.64,3798681,7.64
3798687,10:53:04,7.64,1900,2500,6000,B,3707928,7.64,3798681,7.64
3800232,10:53:08,7.64,600,2500,5200,B,3707928,7.64,3800231,7.65
3800233,10:53:08,7.65,1900,10000,5200,B,1095959,7.65,3800231,7.65
3800234,10:53:08,7.65,100,100,5200,B,1107008,7.65,3800231,7.65
3800235,10:53:08,7.65,2000,2000,5200,B,2186695,7.65,3800231,7.65
3800236,10:53:08,7.65,600,1000,5200,B,2233639,7.65,3800231,7.65
3808393,10:53:29,7.65,400,1000,3800,B,2233639,7.65,3808392,7.65
3808394,10:53:29,7.65,100,100,3800,B,2323369,7.65,3808392,7.65
3808395,10:53:29,7.65,3300,6300,3800,B,2372248,7.65,3808392,7.65
3816841,10:53:51,7.64,1000,1000,1800,S,3816840,7.64,3808602,7.64
3819741,10:53:58,7.64,800,1300,1800,S,3819740,7.64,3808602,7.64
3819742,10:53:58,7.64,500,1300,3200,S,3819740,7.64,3810669,7.64
3831443,10:54:29,7.64,2700,6000,3200,S,3831442,7.64,3810669,7.64
3831444,10:54:29,7.64,3300,6000,5200,S,3831442,7.64,3814368,7.64
3834089,10:54:37,7.64,1900,5000,5200,S,3834088,7.64,3814368,7.64
3834090,10:54:37,7.64,400,5000,400,S,3834088,7.64,3827678,7.64
3856269,10:55:36,7.64,2700,5000,29700,B,3834088,7.64,3856268,7.65
3856270,10:55:36,7.64,1000,1000,29700,B,3845742,7.64,3856268,7.65
3856271,10:55:36,7.65,3000,6300,29700,B,2372248,7.65,3856268,7.65
3856272,10:55:36,7.65,1000,1000,29700,B,2382938,7.65,3856268,7.65
3856273,10:55:36,7.65,1000,1000,29700,B,2467301,7.65,3856268,7.65
3856274,10:55:36,7.65,1000,1000,29700,B,2525192,7.65,3856268,7.65
3856275,10:55:36,7.65,5000,5000,29700,B,3201173,7.65,3856268,7.65
3856276,10:55:36,7.65,300,300,29700,B,3505378,7.65,3856268,7.65
3856277,10:55:36,7.65,500,500,29700,B,3549179,7.65,3856268,7.65
3856278,10:55:36,7.65,1000,1000,29700,B,3576767,7.65,3856268,7.65
3856279,10:55:36,7.65,2000,2000,29700,B,3641621,7.65,3856268,7.65
3856280,10:55:36,7.65,100,100,29700,B,3813155,7.65,3856268,7.65
3856281,10:55:36,7.65,100,100,29700,B,3815480,7.65,3856268,7.65
3856282,10:55:36,7.65,500,500,29700,B,3824780,7.65,3856268,7.65
3856283,10:55:36,7.65,3000,3000,29700,B,3825197,7.65,3856268,7.65
3856284,10:55:36,7.65,5000,5000,29700,B,3826659,7.65,3856268,7.65
3856285,10:55:36,7.65,2500,3400,29700,B,3826762,7.65,3856268,7.65
3878745,10:56:37,7.65,100,3400,100,B,3826762,7.65,3878744,7.65
3890792,10:57:09,7.65,100,3400,100,B,3826762,7.65,3890791,7.65
3905335,10:57:40,7.64,500,500,2000,S,3905334,7.64,3857107,7.64
3922887,10:58:13,7.65,700,3400,5200,B,3826762,7.65,3922886,7.65
3922888,10:58:13,7.65,1000,1000,5200,B,3832517,7.65,3922886,7.65
3922889,10:58:13,7.65,3500,10000,5200,B,3862441,7.65,3922886,7.65
3932345,10:58:32,7.65,3600,10000,3600,B,3862441,7.65,3932344,7.65
3932460,10:58:33,7.64,1500,1500,2000,S,3932459,7.64,3857107,7.64
3935401,10:58:39,7.65,2900,10000,6400,B,3862441,7.65,3935400,7.65
3935402,10:58:39,7.65,2000,2000,6400,B,3873312,7.65,3935400,7.65
3935403,10:58:39,7.65,1500,5000,6400,B,3874305,7.65,3935400,7.65
3937435,10:58:43,7.65,300,5000,300,B,3874305,7.65,3937434,7.65
3946226,10:59:03,7.65,3200,5000,4800,B,3874305,7.65,3946225,7.65
3946227,10:59:03,7.65,1000,1000,4800,B,3878607,7.65,3946225,7.65
3946228,10:59:03,7.65,200,200,4800,B,3918730,7.65,3946225,7.65
3946229,10:59:03,7.65,400,1000,4800,B,3934793,7.65,3946225,7.65
3950840,10:59:13,7.65,600,1000,7600,B,3934793,7.65,3950839,7.65
3950841,10:59:13,7.65,4300,4300,7600,B,3938990,7.65,3950839,7.65
3950842,10:59:13,7.65,2700,4000,7600,B,3946952,7.65,3950839,7.65
3951387,10:59:14,7.65,1300,4000,4500,B,3946952,7.65,3951386,7.65
3951388,10:59:14,7.65,1000,1000,4500,B,3951215,7.65,3951386,7.65
3966231,10:59:47,7.65,100,100,4500,S,3966230,7.65,3951386,7.65
3973348,11:00:03,7.65,900,900,4500,S,3973347,7.65,3951386,7.65
3978339,11:00:16,7.65,1200,6800,4500,S,3978338,7.65,3951386,7.65
3978340,11:00:16,7.65,5200,6800,5200,S,3978338,7.65,3957862,7.65
3979065,11:00:17,7.65,400,6800,400,B,3978338,7.65,3979064,7.65
3992571,11:00:51,7.64,500,1000,500,S,3992570,7.64,3873759,7.64
3992572,11:00:51,7.64,500,1000,500,S,3992570,7.64,3889767,7.64
3994268,11:00:55,7.65,2900,2900,5000,S,3994267,7.65,3993811,7.65
3995838,11:00:59,7.65,600,600,5000,S,3995837,7.65,3993811,7.65
3998941,11:01:06,7.66,1000,1000,14000,B,15749,7.66,3998940,7.66
3998942,11:01:06,7.66,200,200,14000,B,726189,7.66,3998940,7.66
3998943,11:01:06,7.66,1600,1600,14000,B,1181760,7.66,3998940,7.66
3998944,11:01:06,7.66,1800,1800,14000,B,1351373,7.66,3998940,7.66
3998945,11:01:06,7.66,500,500,14000,B,1357142,7.66,3998940,7.66
3998946,11:01:06,7.66,2000,2000,14000,B,2228759,7.66,3998940,7.66
3998947,11:01:06,7.66,1000,1000,14000,B,2683833,7.66,3998940,7.66
3998948,11:01:06,7.66,700,700,14000,B,2684362,7.66,3998940,7.66
3998949,11:01:06,7.66,5200,60000,14000,B,3094712,7.66,3998940,7.66
4010096,11:01:34,7.65,1500,3000,5000,S,4010095,7.65,3993811,7.65
4010097,11:01:34,7.65,1500,3000,5200,S,4010095,7.65,4001485,7.65
4010395,11:01:34,7.66,1400,60000,1400,B,3094712,7.66,4010394,7.66
4018000,11:01:54,7.66,200,60000,200,B,3094712,7.66,4017999,7.66
4020074,11:01:59,7.65,3000,3000,5200,S,4020073,7.65,4001485,7.65
4028652,11:02:20,7.65,100,100,5200,S,4028651,7.65,4001485,7.65
4032369,11:02:29,7.65,500,500,5200,S,4032368,7.65,4001485,7.65
4045629,11:03:03,7.65,100,2000,5200,S,4045628,7.65,4001485,7.65
4045630,11:03:03,7.65,1900,2000,2500,S,4045628,7.65,4006434,7.65
4046133,11:03:04,7.66,1500,60000,1500,B,3094712,7.66,4046132,7.66
4046500,11:03:05,7.66,2000,60000,2000,B,3094712,7.66,4046499,7.66
4059889,11:03:38,7.65,600,1000,2500,S,4059888,7.65,4006434,7.65
4059890,11:03:38,7.65,400,1000,5200,S,4059888,7.65,4047743,7.65
4065001,11:03:51,7.65,700,700,5200,S,4065000,7.65,4047743,7.65
4067004,11:03:56,7.65,4100,8300,5200,S,4067003,7.65,4047743,7.65
4067005,11:03:56,7.65,4200,8300,6100,S,4067003,7.65,4051726,7.65
4068800,11:04:01,7.65,1900,8200,6100,S,4068799,7.65,4051726,7.65
4074671,11:04:17,7.65,2000,8200,2000,B,4068799,7.65,4074670,7.65
4095326,11:05:10,7.65,4300,8200,5000,B,4068799,7.65,4095325,7.65
4095327,11:05:10,7.65,700,3000,5000,B,4079866,7.65,4095325,7.65
4099274,11:05:20,7.65,100,3000,100,B,4079866,7.65,4099273,7.65
4135943,11:06:53,7.65,1300,3000,1300,B,4079866,7.65,4135942,7.65
4137714,11:06:58,7.65,900,3000,5500,B,4079866,7.65,4137713,7.65
4137715,11:06:58,7.65,1000,1000,5500,B,4083187,7.65,4137713,7.65
4137716,11:06:58,7.65,700,700,5500,B,4083649,7.65,4137713,7.65
4137717,11:06:58,7.65,1300,1300,5500,B,4104980,7.65,4137713,7.65
4137718,11:06:58,7.65,1600,6000,5500,B,4112417,7.65,4137713,7.65
4143788,11:07:13,7.65,4400,6000,6000,B,4112417,7.65,4143787,7.65
4143789,11:07:13,7.65,1600,1600,6000,B,4127232,7.65,4143787,7.65
4148803,11:07:28,7.66,5000,60000,5000,B,3094712,7.66,4148802,7.66
4166480,11:08:19,7.65,2200,2200,2200,B,4162795,7.65,4166479,7.65
4167330,11:08:22,7.64,500,500,600,S,4167329,7.64,3940815,7.64
4203964,11:10:13,7.65,400,400,800,S,4203963,7.65,4169989,7.65
4215716,11:10:48,7.65,400,5000,800,S,4215715,7.65,4169989,7.65
4215717,11:10:48,7.65,4600,5000,5200,S,4215715,7.65,4174280,7.65
4215795,11:10:48,7.65,300,300,5200,S,4215794,7.65,4174280,7.65
4223677,11:11:11,7.65,300,3000,5200,S,4223676,7.65,4174280,7.65
4230688,11:11:30,7.65,1000,3000,1000,B,4223676,7.65,4230687,7.65
4240583,11:11:47,7.64,100,200,600,S,4240582,7.64,3940815,7.64
4240584,11:11:47,7.64,100,200,5500,S,4240582,7.64,4013258,7.64
4241039,11:11:48,7.65,1700,3000,2700,B,4223676,7.65,4241038,7.65
4241040,11:11:48,7.65,1000,1000,2700,B,4231287,7.65,4241038,7.65
4245860,11:11:59,7.65,7800,7800,7800,B,4241192,7.65,4245859,7.65
4248150,11:12:04,7.64,100,100,5500,S,4248149,7.64,4013258,7.64
4249643,11:12:07,7.64,200,200,5500,S,4249642,7.64,4013258,7.64
4279623,11:13:35,7.65,1000,1000,7700,B,4264637,7.65,4279622,7.65
4279624,11:13:35,7.65,600,600,7700,B,4268828,7.65,4279622,7.65
4279625,11:13:35,7.65,4100,4100,7700,B,4276852,7.65,4279622,7.65
4279626,11:13:35,7.65,2000,2000,7700,B,4277090,7.65,4279622,7.65
4284699,11:13:51,7.65,1000,2000,1000,B,4283043,7.65,4284698,7.65
4286540,11:13:56,7.64,5100,17381,5500,S,4286539,7.64,4013258,7.64
4286541,11:13:56,7.64,1000,17381,1000,S,4286539,7.64,4109498,7.64
4286542,11:13:56,7.64,1700,17381,1700,S,4286539,7.64,4174425,7.64
4286543,11:13:56,7.64,5200,17381,5200,S,4286539,7.64,4225046,7.64
4286544,11:13:56,7.64,2000,17381,2000,S,4286539,7.64,4230045,7.64
4286545,11:13:56,7.64,2381,17381,3000,S,4286539,7.64,4268891,7.64
4320411,11:15:42,7.64,619,1900,3000,S,4320410,7.64,4268891,7.64
4320412,11:15:42,7.64,1281,1900,5200,S,4320410,7.64,4288084,7.64
4344813,11:17:01,7.64,600,600,5200,S,4344812,7.64,4288084,7.64
4350313,11:17:20,7.64,3319,5000,5200,S,4350312,7.64,4288084,7.64
4381172,11:19:04,7.64,1681,5000,2000,B,4350312,7.64,4381171,7.64
4388236,11:19:27,7.64,319,33400,2000,S,4388235,7.64,4381171,7.64
4388237,11:19:27,7.64,5200,33400,5200,S,4388235,7.64,4382871,7.64
4406940,11:20:28,7.63,7000,7000,48100,S,4406939,7.63,3781743,7.63
4412955,11:20:49,7.63,600,600,48100,S,4412954,7.63,3781743,7.63
4415306,11:20:56,7.63,1500,1500,48100,S,4415305,7.63,3781743,7.63
4419242,11:21:09,7.63,800,800,48100,S,4419241,7.63,3781743,7.63
4438944,11:22:12,7.63,200,200,48100,S,4438943,7.63,3781743,7.63
4441025,11:22:18,7.63,2300,2300,48100,S,4441024,7.63,3781743,7.63
4486785,11:24:37,7.64,6000,33400,6000,B,4388235,7.64,4486784,7.64
4490022,11:24:46,7.64,3000,33400,3000,B,4388235,7.64,4490021,7.64
4493738,11:24:56,7.64,18881,33400,20000,B,4388235,7.64,4493737,7.64
4493739,11:24:56,7.64,1119,1400,20000,B,4422141,7.64,4493737,7.64
4495095,11:25:00,7.64,281,1400,5200,B,4422141,7.64,4495094,7.65
4495096,11:25:00,7.65,1000,2000,5200,B,4283043,7.65,4495094,7.65
4495097,11:25:00,7.65,1000,1000,5200,B,4305552,7.65,4495094,7.65
4495098,11:25:00,7.65,500,500,5200,B,4325225,7.65,4495094,7.65
4495099,11:25:00,7.65,2419,3000,5200,B,4353875,7.65,4495094,7.65
4504596,11:25:25,7.64,500,500,500,B,4501899,7.64,4504595,7.64
4504708,11:25:25,7.63,500,500,48100,S,4504707,7.63,3781743,7.63
4505907,11:25:29,7.65,581,3000,5200,B,4353875,7.65,4505906,7.66
4505908,11:25:29,7.65,400,400,5200,B,4361231,7.65,4505906,7.66
4505909,11:25:29,7.66,4219,60000,5200,B,3094712,7.66,4505906,7.66
4527102,11:26:27,7.63,100,100,48100,S,4527101,7.63,3781743,7.63
4530274,11:26:36,7.63,500,500,48100,S,4530273,7.63,3781743,7.63
4554045,11:27:47,7.64,2000,3000,2000,S,4554044,7.64,4532808,7.64
4557881,11:27:59,7.64,1000,3000,10000,B,4554044,7.64,4557880,7.64
4563396,11:28:16,7.65,500,3000,500,B,4563244,7.65,4563395,7.65
4584841,11:29:24,7.65,1000,3000,1000,B,4563244,7.65,4584840,7.65
4605697,13:00:00,7.65,1300,3000,1300,B,4563244,7.65,4605696,7.65
4629226,13:00:00,7.65,200,3000,2200,B,4563244,7.65,4629225,7.65
4638083,13:00:01,7.65,2000,6800,2200,S,4638082,7.65,4629225,7.65
4643764,13:00:01,7.65,200,6800,200,B,4638082,7.65,4643763,7.65
4648035,13:00:02,7.65,2500,6800,2500,B,4638082,7.65,4648034,7.65
4666344,13:00:12,7.65,2100,6800,5500,B,4638082,7.65,4666343,7.65
4666345,13:00:12,7.65,1000,1000,5500,B,4657231,7.65,4666343,7.65
4700818,13:01:43,7.65,700,700,5500,S,4700817,7.65,4666343,7.65
4721989,13:02:46,7.66,5200,60000,5200,B,3094712,7.66,4721988,7.66
4737404,13:03:34,7.65,1700,3300,5500,S,4737403,7.65,4666343,7.65
4737405,13:03:34,7.65,1600,3300,5200,S,4737403,7.65,4723500,7.65
4746220,13:04:02,7.65,700,700,5200,S,4746219,7.65,4723500,7.65
4771749,13:05:20,7.65,1000,1000,5200,S,4771748,7.65,4723500,7.65
4773403,13:05:25,7.65,1600,1600,5200,S,4773402,7.65,4723500,7.65
4777198,13:05:36,7.65,300,10500,5200,S,4777197,7.65,4723500,7.65
4822538,13:07:57,7.64,2163,2163,10000,S,4822537,7.64,4557880,7.64
4827895,13:08:12,7.64,300,300,10000,S,4827894,7.64,4557880,7.64
4830067,13:08:19,7.65,5200,10500,5200,B,4777197,7.65,4830066,7.65
4864223,13:10:03,7.65,4500,10500,4500,B,4777197,7.65,4864222,7.65
4876207,13:10:34,7.65,500,10500,9500,B,4777197,7.65,4876206,7.65
4876208,13:10:34,7.65,9000,10000,9500,B,4783871,7.65,4876206,7.65
4904493,13:11:45,7.65,1000,10000,5100,B,4783871,7.65,4904492,7.65
4904494,13:11:45,7.65,500,500,5100,B,4794999,7.65,4904492,7.65
4904495,13:11:45,7.65,3600,5000,5100,B,4890510,7.65,4904492,7.65
4917151,13:12:14,7.64,2200,2200,10000,S,4917150,7.64,4557880,7.64
4923835,13:12:29,7.64,800,800,10000,S,4923834,7.64,4557880,7.64
4933877,13:12:52,7.64,500,500,10000,S,4933876,7.64,4557880,7.64
4944647,13:13:16,7.64,700,700,10000,S,4944646,7.64,4557880,7.64
4945712,13:13:18,7.65,1400,5000,7500,B,4890510,7.65,4945711,7.65
4945713,13:13:18,7.65,2100,2100,7500,B,4912122,7.65,4945711,7.65
4945714,13:13:18,7.65,500,500,7500,B,4918004,7.65,4945711,7.65
4945715,13:13:18,7.65,3500,6600,7500,B,4927888,7.65,4945711,7.65
4947947,13:13:23,7.64,2337,2500,10000,S,4947946,7.64,4557880,7.64
4947948,13:13:23,7.64,163,2500,163,S,4947946,7.64,4637453,7.64
4951687,13:13:32,7.64,3000,6863,3000,S,4951685,7.64,4879940,7.64
4951688,13:13:32,7.64,3863,6863,4763,S,4951685,7.64,4906768,7.64
4952213,13:13:33,7.65,3100,6600,6000,B,4927888,7.65,4952212,7.65
4952214,13:13:33,7.65,600,600,6000,B,4928034,7.65,4952212,7.65
4952215,13:13:33,7.65,2300,2500,6000,B,4933461,7.65,4952212,7.65
5002798,13:15:10,7.65,200,2500,400,B,4933461,7.65,5002797,7.65
5002799,13:15:10,7.65,200,800,400,B,4943840,7.65,5002797,7.65
5059194,13:17:07,7.64,900,900,4763,S,5059193,7.64,4906768,7.64
5061053,13:17:11,7.65,600,800,5300,B,4943840,7.65,5061052,7.65
5061054,13:17:11,7.65,600,600,5300,B,4950137,7.65,5061052,7.65
5061055,13:17:11,7.65,900,900,5300,B,4957052,7.65,5061052,7.65
5061056,13:17:11,7.65,400,400,5300,B,4963301,7.65,5061052,7.65
5061057,13:17:11,7.65,700,700,5300,B,4968464,7.65,5061052,7.65
5061058,13:17:11,7.65,1200,1200,5300,B,4980272,7.65,5061052,7.65
5061059,13:17:11,7.65,900,1400,5300,B,4988100,7.65,5061052,7.65
5066384,13:17:24,7.65,500,1400,6400,B,4988100,7.65,5066383,7.65
5066385,13:17:24,7.65,2100,2100,6400,B,4997063,7.65,5066383,7.65
5066386,13:17:24,7.65,600,600,6400,B,5005722,7.65,5066383,7.65
5066387,13:17:24,7.65,500,500,6400,B,5013070,7.65,5066383,7.65
5066388,13:17:24,7.65,400,400,6400,B,5017471,7.65,5066383,7.65
5066389,13:17:24,7.65,1100,1100,6400,B,5020736,7.65,5066383,7.65
5066390,13:17:24,7.65,600,600,6400,B,5021393,7.65,5066383,7.65
5066391,13:17:24,7.65,400,400,6400,B,5035386,7.65,5066383,7.65
5071063,13:17:35,7.66,35281,60000,50000,B,3094712,7.66,5071062,7.66
5071064,13:17:35,7.66,1000,1000,50000,B,4015912,7.66,5071062,7.66
5071065,13:17:35,7.66,4300,4300,50000,B,4047010,7.66,5071062,7.66
5071066,13:17:35,7.66,2000,2000,50000,B,4081698,7.66,5071062,7.66
5071067,13:17:35,7.66,400,400,50000,B,4118907,7.66,5071062,7.66
5071068,13:17:35,7.66,100,100,50000,B,4169414,7.66,5071062,7.66
5071069,13:17:35,7.66,5000,5000,50000,B,4200072,7.66,5071062,7.66
5071070,13:17:35,7.66,300,300,50000,B,4852760,7.66,5071062,7.66
5078052,13:17:50,7.67,500,500,4500,B,15759,7.67,5078051,7.67
5078053,13:17:50,7.67,4000,11000,4500,B,1156144,7.67,5078051,7.67
5089795,13:18:12,7.67,2000,11000,2000,B,1156144,7.67,5089794,7.67
5091608,13:18:16,7.66,100,100,50000,S,5091607,7.66,5071062,7.66
5098897,13:18:30,7.67,1400,11000,1400,B,1156144,7.67,5098896,7.67
5102448,13:18:37,7.66,500,500,50000,S,5102447,7.66,5071062,7.66
5109268,13:18:50,7.66,1000,1000,50000,S,5109267,7.66,5071062,7.66
5119597,13:19:10,7.66,19,800,50000,S,5119596,7.66,5071062,7.66
5119598,13:19:10,7.66,781,800,5100,S,5119596,7.66,5072444,7.66
5130671,13:19:32,7.67,2000,11000,2000,B,1156144,7.67,5130670,7.67
5138541,13:19:47,7.67,1600,11000,2800,B,1156144,7.67,5138540,7.67
5138542,13:19:47,7.67,1000,1000,2800,B,2217595,7.67,5138540,7.67
5138543,13:19:47,7.67,200,700,2800,B,2220716,7.67,5138540,7.67
5140009,13:19:50,7.67,500,700,5200,B,2220716,7.67,5140008,7.67
5140010,13:19:50,7.67,700,700,5200,B,2252245,7.67,5140008,7.67
5140011,13:19:50,7.67,4000,10000,5200,B,2260911,7.67,5140008,7.67
5149808,13:20:09,7.67,300,10000,300,B,2260911,7.67,5149807,7.67
5163009,13:20:37,7.66,3000,3000,5100,S,5163008,7.66,5072444,7.66
5171624,13:20:55,7.66,1319,2000,5100,S,5171623,7.66,5072444,7.66
5172652,13:20:57,7.66,681,2000,5000,B,5171623,7.66,5172651,7.66
5178739,13:21:09,7.66,1700,1700,5000,S,5178738,7.66,5172651,7.66
5189357,13:21:29,7.66,2619,5000,5000,S,5189356,7.66,5172651,7.66
5189358,13:21:29,7.66,2381,5000,5100,S,5189356,7.66,5182418,7.66
5236538,13:22:53,7.66,2000,2000,5100,S,5236537,7.66,5182418,7.66
5247699,13:23:12,7.66,300,300,5100,S,5247698,7.66,5182418,7.66
5249951,13:23:16,7.66,419,1000,5100,S,5249950,7.66,5182418,7.66
5249952,13:23:16,7.66,300,1000,300,S,5249950,7.66,5220075,7.66
5219831,13:22:23,7.67,100,10000,100,B,2260911,7.67,5219830,7.67
5274012,13:23:58,7.66,281,1000,5100,B,5249950,7.66,5274011,7.67
5274013,13:23:58,7.67,4819,10000,5100,B,2260911,7.67,5274011,7.67
5279129,13:24:07,7.66,600,600,6000,S,5279128,7.66,5276611,7.66
5287196,13:24:22,7.66,2000,2000,6000,S,5287195,7.66,5276611,7.66
5289870,13:24:27,7.66,3400,4500,6000,S,5289869,7.66,5276611,7.66
5290424,13:24:28,7.66,100,4500,100,B,5289869,7.66,5290423,7.66
5310186,13:25:07,7.65,200,200,6400,S,5310185,7.65,5066383,7.65
5356907,13:26:38,7.66,1000,4500,11981,B,5289869,7.66,5356906,7.67
5356908,13:26:38,7.66,500,500,11981,B,5335622,7.66,5356906,7.67
5356909,13:26:38,7.67,781,10000,11981,B,2260911,7.67,5356906,7.67
5356910,13:26:38,7.67,400,400,11981,B,2302453,7.67,5356906,7.67
5356911,13:26:38,7.67,1000,1000,11981,B,2429927,7.67,5356906,7.67
5356912,13:26:38,7.67,800,800,11981,B,2866250,7.67,5356906,7.67
5356913,13:26:38,7.67,500,500,11981,B,4112864,7.67,5356906,7.67
5356914,13:26:38,7.67,500,500,11981,B,5078655,7.67,5356906,7.67
5356915,13:26:38,7.67,2700,2700,11981,B,5083565,7.67,5356906,7.67
5356916,13:26:38,7.67,2000,2000,11981,B,5179370,7.67,5356906,7.67
5356917,13:26:38,7.67,400,400,11981,B,5194493,7.67,5356906,7.67
5356918,13:26:38,7.67,1400,1400,11981,B,5214169,7.67,5356906,7.67
5356945,13:26:38,7.68,1000,1000,4000,B,15747,7.68,5356944,7.68
5356946,13:26:38,7.68,1000,1000,4000,B,40000,7.68,5356944,7.68
5356947,13:26:38,7.68,1300,1300,4000,B,967330,7.68,5356944,7.68
5356948,13:26:38,7.68,700,2000,4000,B,977852,7.68,5356944,7.68
5375010,13:27:10,7.68,1300,2000,18100,B,977852,7.68,5375009,7.68
5375011,13:27:10,7.68,1000,1000,18100,B,2011766,7.68,5375009,7.68
5375012,13:27:10,7.68,1700,1700,18100,B,2852919,7.68,5375009,7.68
5375013,13:27:10,7.68,1000,1000,18100,B,2912295,7.68,5375009,7.68
5375014,13:27:10,7.68,700,700,18100,B,3027198,7.68,5375009,7.68
5375015,13:27:10,7.68,500,500,18100,B,3091835,7.68,5375009,7.68
5375016,13:27:10,7.68,500,500,18100,B,3866650,7.68,5375009,7.68
5375017,13:27:10,7.68,2000,2000,18100,B,4166746,7.68,5375009,7.68
5375018,13:27:10,7.68,200,200,18100,B,4195113,7.68,5375009,7.68
5375019,13:27:10,7.68,500,500,18100,B,4251460,7.68,5375009,7.68
5375020,13:27:10,7.68,300,300,18100,B,4476240,7.68,5375009,7.68
5375021,13:27:10,7.68,3000,3000,18100,B,4620128,7.68,5375009,7.68
5375022,13:27:10,7.68,4700,4700,18100,B,4964680,7.68,5375009,7.68
5375023,13:27:10,7.68,400,400,18100,B,4966298,7.68,5375009,7.68
5375024,13:27:10,7.68,300,2000,18100,B,5096606,7.68,5375009,7.68
5375051,13:27:10,7.68,1700,2000,4500,B,5096606,7.68,5375050,7.68
5375052,13:27:10,7.68,400,400,4500,B,5287730,7.68,5375050,7.68
5384337,13:27:26,7.68,300,300,4500,S,5384336,7.68,5375050,7.68
5389154,13:27:35,7.68,2000,2000,4500,S,5389153,7.68,5375050,7.68
5410590,13:28:10,7.68,100,1000,4500,S,5410589,7.68,5375050,7.68
5410591,13:28:10,7.68,900,1000,5000,S,5410589,7.68,5378316,7.68
5420759,13:28:28,7.69,500,500,3000,B,15760,7.69,5420758,7.69
5420760,13:28:28,7.69,600,600,3000,B,687066,7.69,5420758,7.69
5420761,13:28:28,7.69,1000,1000,3000,B,2200021,7.69,5420758,7.69
5420762,13:28:28,7.69,900,2700,3000,B,2239920,7.69,5420758,7.69
5431165,13:28:45,7.68,4100,19000,5000,S,5431164,7.68,5378316,7.68
5431166,13:28:45,7.68,14900,19000,15000,S,5431164,7.68,5378664,7.68
5432308,13:28:47,7.69,1800,2700,8000,B,2239920,7.69,5432307,7.69
5432309,13:28:47,7.69,5000,5000,8000,B,2506924,7.69,5432307,7.69
5432310,13:28:47,7.69,1200,2000,8000,B,3854177,7.69,5432307,7.69
5438840,13:28:58,7.68,100,1000,15000,S,5438839,7.68,5378664,7.68
5439028,13:28:58,7.68,900,1000,4000,B,5438839,7.68,5439027,7.68
5441909,13:29:02,7.68,1500,1500,4000,S,5441908,7.68,5439027,7.68
5447077,13:29:11,7.69,800,2000,30000,B,3854177,7.69,5447076,7.69
5447078,13:29:11,7.69,10000,10000,30000,B,3917768,7.69,5447076,7.69
5447079,13:29:11,7.69,10000,10000,30000,B,4037337,7.69,5447076,7.69
5447080,13:29:11,7.69,2300,2300,30000,B,4318714,7.69,5447076,7.69
5447081,13:29:11,7.69,100,100,30000,B,4859623,7.69,5447076,7.69
5447082,13:29:11,7.69,1000,1000,30000,B,5176751,7.69,5447076,7.69
5447083,13:29:11,7.69,1000,1000,30000,B,5399475,7.69,5447076,7.69
5447084,13:29:11,7.69,4800,6000,30000,B,5401286,7.69,5447076,7.69
5451811,13:29:18,7.68,1600,3000,4000,S,5451810,7.68,5439027,7.68
5453999,13:29:22,7.68,1300,3000,1300,B,5451810,7.68,5453998,7.68
5468319,13:29:47,7.68,100,3000,1100,B,5451810,7.68,5468318,7.68
5468320,13:29:47,7.68,1000,1000,1100,B,5466600,7.68,5468318,7.68
5506365,13:30:50,7.68,200,4500,200,S,5506364,7.68,5502250,7.68
5512011,13:30:59,7.68,4300,4500,10000,B,5506364,7.68,5512010,7.68
5525490,13:31:21,7.68,500,500,10000,S,5525489,7.68,5512010,7.68
5539204,13:31:46,7.68,700,700,10000,S,5539203,7.68,5512010,7.68
5551521,13:32:09,7.68,4500,14300,10000,S,5551520,7.68,5512010,7.68
5551522,13:32:09,7.68,5000,14300,5000,S,5551520,7.68,5523483,7.68
5551523,13:32:09,7.68,900,14300,900,S,5551520,7.68,5524253,7.68
5558000,13:32:21,7.68,3900,14300,8800,B,5551520,7.68,5557999,7.69
5558001,13:32:21,7.69,1200,6000,8800,B,5401286,7.69,5557999,7.69
5558002,13:32:21,7.69,300,300,8800,B,5411726,7.69,5557999,7.69
5558003,13:32:21,7.69,1000,1000,8800,B,5431444,7.69,5557999,7.69
5558004,13:32:21,7.69,1000,1000,8800,B,5433752,7.69,5557999,7.69
5558005,13:32:21,7.69,200,200,8800,B,5451063,7.69,5557999,7.69
5558006,13:32:21,7.69,200,200,8800,B,5456570,7.69,5557999,7.69
5558007,13:32:21,7.69,1000,2000,8800,B,5509570,7.69,5557999,7.69
5558009,13:32:21,7.69,1000,2000,43400,B,5509570,7.69,5558008,7.7
5558010,13:32:21,7.69,800,800,43400,B,5538225,7.69,5558008,7.7
5558011,13:32:21,7.7,1000,1000,43400,B,15748,7.7,5558008,7.7
5558012,13:32:21,7.7,3000,3000,43400,B,78742,7.7,5558008,7.7
5558013,13:32:21,7.7,2000,2000,43400,B,108210,7.7,5558008,7.7
5558014,13:32:21,7.7,1000,1000,43400,B,862943,7.7,5558008,7.7
5558015,13:32:21,7.7,20000,20000,43400,B,1300819,7.7,5558008,7.7
5558016,13:32:21,7.7,600,600,43400,B,2246406,7.7,5558008,7.7
5558017,13:32:21,7.7,300,300,43400,B,2572245,7.7,5558008,7.7
5558018,13:32:21,7.7,1000,1000,43400,B,2979606,7.7,5558008,7.7
5558019,13:32:21,7.7,5000,5000,43400,B,2999362,7.7,5558008,7.7
5558020,13:32:21,7.7,600,600,43400,B,3281023,7.7,5558008,7.7
5558021,13:32:21,7.7,7100,10500,43400,B,3930963,7.7,5558008,7.7
5558038,13:32:21,7.7,3400,10500,7700,B,3930963,7.7,5558037,7.7
5558039,13:32:21,7.7,3500,3500,7700,B,4652542,7.7,5558037,7.7
5558040,13:32:21,7.7,500,500,7700,B,4769589,7.7,5558037,7.7
5558041,13:32:21,7.7,300,600,7700,B,5191383,7.7,5558037,7.7
5570121,13:32:45,7.7,300,600,3600,B,5191383,7.7,5570120,7.7
5570122,13:32:45,7.7,2000,2000,3600,B,5408127,7.7,5570120,7.7
5570123,13:32:45,7.7,1300,3800,3600,B,5426653,7.7,5570120,7.7
5570144,13:32:45,7.7,600,3800,600,B,5426653,7.7,5570143,7.7
5570146,13:32:45,7.7,700,3800,700,B,5426653,7.7,5570145,7.7
5593774,13:33:33,7.7,1200,3800,26200,B,5426653,7.7,5593773,7.7
5593775,13:33:33,7.7,3000,3000,26200,B,5588251,7.7,5593773,7.7
5598890,13:33:43,7.7,22000,22000,26200,S,5598889,7.7,5593773,7.7
5600386,13:33:46,7.71,500,500,1400,B,15761,7.71,5600385,7.71
5600387,13:33:46,7.71,900,2000,1400,B,124800,7.71,5600385,7.71
5600402,13:33:46,7.71,1100,2000,1200,B,124800,7.71,5600401,7.71
5600403,13:33:46,7.71,100,1200,1200,B,3385535,7.71,5600401,7.71
5600410,13:33:46,7.71,1100,1200,7200,B,3385535,7.71,5600409,7.72
5600411,13:33:46,7.71,2000,2000,7200,B,5469075,7.71,5600409,7.72
5600412,13:33:46,7.71,1000,1000,7200,B,5569541,7.71,5600409,7.72
5600413,13:33:46,7.71,100,100,7200,B,5573802,7.71,5600409,7.72
5600414,13:33:46,7.71,1700,1700,7200,B,5582459,7.71,5600409,7.72
5600415,13:33:46,7.71,300,300,7200,B,5587596,7.71,5600409,7.72
5600416,13:33:46,7.72,500,500,7200,B,15762,7.72,5600409,7.72
5600417,13:33:46,7.72,500,3500,7200,B,1375191,7.72,5600409,7.72
5609357,13:34:05,7.72,3000,3500,10000,B,1375191,7.72,5609356,7.72
5609358,13:34:05,7.72,1000,1000,10000,B,4221369,7.72,5609356,7.72
5609359,13:34:05,7.72,2000,2000,10000,B,4264862,7.72,5609356,7.72
5609360,13:34:05,7.72,2600,2600,10000,B,5262200,7.72,5609356,7.72
5609361,13:34:05,7.72,1400,1500,10000,B,5389046,7.72,5609356,7.72
5614598,13:34:16,7.72,100,1500,5800,B,5389046,7.72,5614597,7.72
5614599,13:34:16,7.72,500,500,5800,B,5601358,7.72,5614597,7.72
5618698,13:34:24,7.73,500,500,6900,B,15763,7.73,5618697,7.73
5618699,13:34:24,7.73,1000,1000,6900,B,46142,7.73,5618697,7.73
5618700,13:34:24,7.73,300,300,6900,B,5260943,7.73,5618697,7.73
5618701,13:34:24,7.73,2400,2400,6900,B,5475542,7.73,5618697,7.73
5618702,13:34:24,7.73,100,100,6900,B,5614462,7.73,5618697,7.73
5624961,13:34:38,7.73,2600,16600,6900,S,5624960,7.73,5618697,7.73
5627703,13:34:44,7.73,500,16600,500,B,5624960,7.73,5627702,7.73
5629540,13:34:48,7.73,5200,16600,5200,B,5624960,7.73,5629539,7.73
5635725,13:35:01,7.73,4900,16600,4900,B,5624960,7.73,5635724,7.73
5644169,13:35:17,7.72,4700,4700,5800,S,5644168,7.72,5614597,7.72
5656214,13:35:42,7.72,500,2200,5800,S,5656213,7.72,5614597,7.72
5656215,13:35:42,7.72,1700,2200,2900,S,5656213,7.72,5620893,7.72
5658138,13:35:45,7.73,400,16600,400,B,5624960,7.73,5658137,7.73
5660247,13:35:50,7.72,1000,1000,2900,S,5660246,7.72,5620893,7.72
5679408,13:36:25,7.72,200,2000,2900,S,5679407,7.72,5620893,7.72
5679409,13:36:25,7.72,1800,2000,14400,S,5679407,7.72,5620906,7.72
5680953,13:36:28,7.72,4900,4900,14400,S,5680952,7.72,5620906,7.72
5684585,13:36:35,7.72,4000,4000,14400,S,5684584,7.72,5620906,7.72
5684742,13:36:35,7.72,200,200,14400,S,5684741,7.72,5620906,7.72
5686976,13:36:39,7.72,3000,10000,14400,S,5686975,7.72,5620906,7.72
5686977,13:36:39,7.72,2500,10000,2500,S,5686975,7.72,5620907,7.72
5686978,13:36:39,7.72,4500,10000,5000,S,5686975,7.72,5629227,7.72
5696398,13:36:56,7.72,200,200,5000,S,5696397,7.72,5629227,7.72
5697510,13:36:58,7.72,300,2000,5000,S,5697509,7.72,5629227,7.72
5697511,13:36:58,7.72,500,2000,500,S,5697509,7.72,5647930,7.72
5697512,13:36:58,7.72,1200,2000,10000,S,5697509,7.72,5685356,7.72
5698238,13:36:59,7.72,300,300,10000,S,5698237,7.72,5685356,7.72
5698733,13:37:00,7.72,3000,3000,10000,S,5698732,7.72,5685356,7.72
5699982,13:37:02,7.72,5500,12000,10000,S,5699981,7.72,5685356,7.72
5699983,13:37:02,7.72,5200,12000,5200,S,5699981,7.72,5698702,7.72
5703323,13:37:08,7.72,1300,12000,8800,B,5699981,7.72,5703322,7.72
5703324,13:37:08,7.72,6000,6000,8800,B,5700108,7.72,5703322,7.72
5703325,13:37:08,7.72,1500,3700,8800,B,5701468,7.72,5703322,7.72
5703346,13:37:08,7.72,2200,3700,43300,B,5701468,7.72,5703345,7.72
5703347,13:37:08,7.72,100,100,43300,B,5702016,7.72,5703345,7.72
5707215,13:37:15,7.72,500,500,43300,S,5707214,7.72,5703345,7.72
5710550,13:37:21,7.73,3000,16600,20000,B,5624960,7.73,5710549,7.73
5710551,13:37:21,7.73,1000,1000,20000,B,5627302,7.73,5710549,7.73
5710552,13:37:21,7.73,1000,1000,20000,B,5632366,7.73,5710549,7.73
5710553,13:37:21,7.73,200,200,20000,B,5632476,7.73,5710549,7.73
5710554,13:37:21,7.73,200,200,20000,B,5636962,7.73,5710549,7.73
5710555,13:37:21,7.73,600,600,20000,B,5642965,7.73,5710549,7.73
5710556,13:37:21,7.73,2000,2000,20000,B,5645109,7.73,5710549,7.73
5710557,13:37:21,7.73,200,200,20000,B,5651543,7.73,5710549,7.73
5710558,13:37:21,7.73,100,100,20000,B,5651645,7.73,5710549,7.73
5710559,13:37:21,7.73,1100,1100,20000,B,5652838,7.73,5710549,7.73
5710560,13:37:21,7.73,1000,1000,20000,B,5661241,7.73,5710549,7.73
5710561,13:37:21,7.73,100,100,20000,B,5662142,7.73,5710549,7.73
5710562,13:37:21,7.73,800,800,20000,B,5662878,7.73,5710549,7.73
5710563,13:37:21,7.73,1000,1000,20000,B,5666580,7.73,5710549,7.73
5710564,13:37:21,7.73,300,300,20000,B,5666619,7.73,5710549,7.73
5710565,13:37:21,7.73,5000,5000,20000,B,5673605,7.73,5710549,7.73
5710566,13:37:21,7.73,100,100,20000,B,5679647,7.73,5710549,7.73
5710567,13:37:21,7.73,1600,1600,20000,B,5684699,7.73,5710549,7.73
5710568,13:37:21,7.73,700,1300,20000,B,5690539,7.73,5710549,7.73
5710884,13:37:22,7.72,2000,2000,43300,S,5710883,7.72,5703345,7.72
5724187,13:37:47,7.72,100,100,43300,S,5724186,7.72,5703345,7.72
5725837,13:37:50,7.72,400,400,43300,S,5725836,7.72,5703345,7.72
5727062,13:37:52,7.72,1000,1000,43300,S,5727061,7.72,5703345,7.72
5732740,13:38:02,7.72,600,600,43300,S,5732739,7.72,5703345,7.72
5684176,13:36:34,7.72,500,500,14400,S,5684175,7.72,5620906,7.72
5741318,13:38:16,7.72,500,500,43300,S,5741317,7.72,5703345,7.72
5741988,13:38:17,7.72,10000,10000,43300,S,5741987,7.72,5703345,7.72
5750057,13:38:32,7.72,10000,10000,43300,S,5750056,7.72,5703345,7.72
5750487,13:38:33,7.72,15900,28700,43300,S,5750486,7.72,5703345,7.72
5750488,13:38:33,7.72,7700,28700,7700,S,5750486,7.72,5703356,7.72
5750489,13:38:33,7.72,5000,28700,5000,S,5750486,7.72,5729480,7.72
5750490,13:38:33,7.72,100,28700,100,S,5750486,7.72,5736367,7.72
5773450,13:39:15,7.71,700,700,3000,S,5773449,7.71,5700414,7.71
5784083,13:39:35,7.71,500,500,3000,S,5784082,7.71,5700414,7.71
5786617,13:39:40,7.71,1300,1300,3000,S,5786616,7.71,5700414,7.71
5787987,13:39:43,7.71,200,200,3000,S,5787986,7.71,5700414,7.71
5793187,13:39:53,7.72,500,500,7200,B,5755994,7.72,5793186,7.72
5793188,13:39:53,7.72,100,100,7200,B,5760223,7.72,5793186,7.72
5793189,13:39:53,7.72,800,800,7200,B,5767779,7.72,5793186,7.72
5793190,13:39:53,7.72,3500,3500,7200,B,5770765,7.72,5793186,7.72
5793191,13:39:53,7.72,500,500,7200,B,5771742,7.72,5793186,7.72
5793192,13:39:53,7.72,1000,1000,7200,B,5774299,7.72,5793186,7.72
5793193,13:39:53,7.72,800,5000,7200,B,5787573,7.72,5793186,7.72
5793204,13:39:53,7.72,1300,5000,1300,B,5787573,7.72,5793203,7.72
5793221,13:39:53,7.72,1400,5000,1400,B,5787573,7.72,5793220,7.72
5800047,13:40:07,7.71,600,600,5000,S,5800046,7.71,5783088,7.71
5800593,13:40:08,7.71,3400,20000,5000,S,5800592,7.71,5783088,7.71
5800594,13:40:08,7.71,300,20000,300,S,5800592,7.71,5792706,7.71
5805576,13:40:18,7.7,100,100,800,S,5805575,7.7,5774074,7.7
5806459,13:40:20,7.71,1900,20000,1900,B,5800592,7.71,5806458,7.71
5806472,13:40:20,7.71,2200,20000,2200,B,5800592,7.71,5806471,7.71
5806474,13:40:20,7.71,10800,20000,10800,B,5800592,7.71,5806473,7.71
5809712,13:40:26,7.7,100,100,800,S,5809711,7.7,5774074,7.7
5810209,13:40:27,7.71,1400,20000,2500,B,5800592,7.71,5810208,7.71
5814951,13:40:36,7.71,1000,1000,2500,S,5814950,7.71,5810208,7.71
5816052,13:40:38,7.71,100,1000,2500,S,5816051,7.71,5810208,7.71
5816098,13:40:39,7.7,100,100,800,S,5816097,7.7,5774074,7.7
5820128,13:40:46,7.71,900,1000,900,B,5816051,7.71,5820127,7.71
5824524,13:40:55,7.7,100,100,800,S,5824523,7.7,5774074,7.7
5835168,13:41:18,7.71,600,600,1300,B,5828830,7.71,5835167,7.72
5835169,13:41:18,7.71,300,300,1300,B,5829221,7.71,5835167,7.72
5835170,13:41:18,7.72,400,5000,1300,B,5787573,7.72,5835167,7.72
5835180,13:41:18,7.72,1100,5000,1400,B,5787573,7.72,5835179,7.72
5835181,13:41:18,7.72,300,10000,1400,B,5815190,7.72,5835179,7.72
5835196,13:41:18,7.72,7200,10000,7200,B,5815190,7.72,5835195,7.72
5837684,13:41:23,7.7,200,200,800,S,5837683,7.7,5774074,7.7
5845089,13:41:40,7.71,100,100,600,S,5845088,7.71,5838010,7.71
5791458,13:39:50,7.71,300,1300,3000,S,5791457,7.71,5700414,7.71
5791459,13:39:50,7.71,1000,1300,5000,S,5791457,7.71,5783088,7.71
5850202,13:41:51,7.72,600,10000,600,B,5815190,7.72,5850201,7.72
5850213,13:41:51,7.72,700,10000,700,B,5815190,7.72,5850212,7.72
5850215,13:41:51,7.72,1200,10000,3600,B,5815190,7.72,5850214,7.72
5850216,13:41:51,7.72,1000,1000,3600,B,5815793,7.72,5850214,7.72
5850217,13:41:51,7.72,100,100,3600,B,5817527,7.72,5850214,7.72
5850218,13:41:51,7.72,500,500,3600,B,5819526,7.72,5850214,7.72
5850219,13:41:51,7.72,800,1500,3600,B,5824368,7.72,5850214,7.72
5851092,13:41:53,7.71,100,100,600,S,5851091,7.71,5838010,7.71
5864593,13:42:21,7.71,100,100,600,S,5864592,7.71,5838010,7.71
5867198,13:42:26,7.71,300,1000,600,S,5867197,7.71,5838010,7.71
5867199,13:42:26,7.71,700,1000,5000,S,5867197,7.71,5847301,7.71
5870027,13:42:32,7.72,700,1500,800,B,5824368,7.72,5870026,7.72
5870028,13:42:32,7.72,100,500,800,B,5837696,7.72,5870026,7.72
5870039,13:42:32,7.72,400,500,4300,B,5837696,7.72,5870038,7.72
5870040,13:42:32,7.72,3000,3000,4300,B,5852908,7.72,5870038,7.72
5870041,13:42:32,7.72,900,1300,4300,B,5854460,7.72,5870038,7.72
5870043,13:42:32,7.72,400,1300,700,B,5854460,7.72,5870042,7.72
5870044,13:42:32,7.72,300,1000,700,B,5854820,7.72,5870042,7.72
5874945,13:42:42,7.71,4300,6100,5000,S,5874944,7.71,5847301,7.71
5874946,13:42:42,7.71,1000,6100,1000,S,5874944,7.71,5868844,7.71
5875156,13:42:43,7.71,800,6100,800,B,5874944,7.71,5875155,7.71
5879022,13:42:51,7.71,4000,4000,4000,B,5878902,7.71,5879021,7.71
5884208,13:43:01,7.72,700,1000,5000,B,5854820,7.72,5884207,7.72
5884209,13:43:01,7.72,1000,1000,5000,B,5875883,7.72,5884207,7.72
5888440,13:43:10,7.72,300,300,5000,S,5888439,7.72,5884207,7.72
5891296,13:43:16,7.72,1000,1000,5000,S,5891295,7.72,5884207,7.72
5905758,13:43:47,7.72,2000,19600,5000,S,5905757,7.72,5884207,7.72
5905759,13:43:47,7.72,200,19600,200,S,5905757,7.72,5886505,7.72
5905760,13:43:47,7.72,1000,19600,1000,S,5905757,7.72,5886518,7.72
5905761,13:43:47,7.72,100,19600,100,S,5905757,7.72,5886519,7.72
5905762,13:43:47,7.72,3000,19600,3000,S,5905757,7.72,5901616,7.72
5918060,13:44:14,7.72,10000,19600,10000,B,5905757,7.72,5918059,7.72
5918573,13:44:15,7.72,3300,19600,3900,B,5905757,7.72,5918572,7.72
5918574,13:44:15,7.72,500,500,3900,B,5907854,7.72,5918572,7.72
5918575,13:44:15,7.72,100,100,3900,B,5917857,7.72,5918572,7.72
5923373,13:44:25,7.72,500,500,500,B,5921842,7.72,5923372,7.72
5924014,13:44:27,7.72,2000,2000,2000,B,5923809,7.72,5924013,7.72
5924779,13:44:28,7.7,200,500,800,S,5924778,7.7,5774074,7.7
5924780,13:44:28,7.7,300,500,300,S,5924778,7.7,5774075,7.7
5926028,13:44:31,7.73,600,1300,5000,B,5690539,7.73,5926027,7.73
5926029,13:44:31,7.73,500,500,5000,B,5702489,7.73,5926027,7.73
5926030,13:44:31,7.73,2000,2000,5000,B,5709588,7.73,5926027,7.73
5926031,13:44:31,7.73,1900,3600,5000,B,5712360,7.73,5926027,7.73
5948679,13:45:16,7.71,700,700,2000,S,5948678,7.71,5945540,7.71
5967745,13:45:53,7.71,1000,1000,2000,S,5967744,7.71,5945540,7.71
5968811,13:45:55,7.71,100,100,2000,S,5968810,7.71,5945540,7.71
5972328,13:46:01,7.73,100,3600,100,B,5712360,7.73,5972327,7.73
5979966,13:46:17,7.71,100,100,2000,S,5979965,7.71,5945540,7.71
5988596,13:46:34,7.71,100,100,2000,S,5988595,7.71,5945540,7.71
6000398,13:46:57,7.73,1600,3600,2000,B,5712360,7.73,6000397,7.73
6000399,13:46:57,7.73,400,700,2000,B,5712851,7.73,6000397,7.73
6009458,13:47:15,7.73,300,700,1000,B,5712851,7.73,6009457,7.73
6009459,13:47:15,7.73,100,100,1000,B,5713153,7.73,6009457,7.73
6009460,13:47:15,7.73,600,700,1000,B,5721737,7.73,6009457,7.73
6010012,13:47:16,7.73,100,700,800,B,5721737,7.73,6010011,7.73
6010013,13:47:16,7.73,100,100,800,B,5728994,7.73,6010011,7.73
6010014,13:47:16,7.73,600,2000,800,B,5731392,7.73,6010011,7.73
6032777,13:48:01,7.73,1400,2000,15000,B,5731392,7.73,6032776,7.73
6032778,13:48:01,7.73,2000,2000,15000,B,5734302,7.73,6032776,7.73
6032779,13:48:01,7.73,100,100,15000,B,5743382,7.73,6032776,7.73
6032780,13:48:01,7.73,1000,1000,15000,B,5761473,7.73,6032776,7.73
6032781,13:48:01,7.73,1300,1300,15000,B,5782939,7.73,6032776,7.73
6032782,13:48:01,7.73,1800,1800,15000,B,5876956,7.73,6032776,7.73
6032783,13:48:01,7.73,6000,6000,15000,B,5884150,7.73,6032776,7.73
6032784,13:48:01,7.73,100,100,15000,B,5889976,7.73,6032776,7.73
6032785,13:48:01,7.73,100,100,15000,B,5938528,7.73,6032776,7.73
6032786,13:48:01,7.73,1000,1000,15000,B,5939066,7.73,6032776,7.73
6032787,13:48:01,7.73,200,900,15000,B,5945992,7.73,6032776,7.73
6040553,13:48:16,7.73,700,900,5000,B,5945992,7.73,6040552,7.74
6040554,13:48:16,7.73,300,300,5000,B,6028057,7.73,6040552,7.74
6040555,13:48:16,7.74,500,500,5000,B,15764,7.74,6040552,7.74
6040556,13:48:16,7.74,600,600,5000,B,2229283,7.74,6040552,7.74
6040557,13:48:16,7.74,2000,2000,5000,B,3819923,7.74,6040552,7.74
6040558,13:48:16,7.74,900,2000,5000,B,5534304,7.74,6040552,7.74
6046800,13:48:29,7.74,1100,2000,18000,B,5534304,7.74,6046799,7.74
6046801,13:48:29,7.74,16900,36600,18000,B,5616986,7.74,6046799,7.74
6047337,13:48:30,7.74,12000,36600,12000,B,5616986,7.74,6047336,7.74
6050009,13:48:36,7.72,5000,5000,10000,S,6050008,7.72,6013321,7.72
6052016,13:48:39,7.74,600,36600,600,B,5616986,7.74,6052015,7.74
6073729,13:49:21,7.74,700,36600,700,B,5616986,7.74,6073728,7.74
6075238,13:49:24,7.72,400,400,10000,S,6075237,7.72,6013321,7.72
6076380,13:49:26,7.74,6400,36600,10000,B,5616986,7.74,6076379,7.74
6076381,13:49:26,7.74,2000,2000,10000,B,5617456,7.74,6076379,7.74
6076382,13:49:26,7.74,1600,2000,10000,B,5953872,7.74,6076379,7.74
6086182,13:49:46,7.73,1000,1000,5000,B,6079496,7.73,6086181,7.74
6086183,13:49:46,7.74,400,2000,5000,B,5953872,7.74,6086181,7.74
6086184,13:49:46,7.74,280,280,5000,B,6050491,7.74,6086181,7.74
6086185,13:49:46,7.74,3000,3000,5000,B,6061077,7.74,6086181,7.74
6086186,13:49:46,7.74,300,300,5000,B,6064254,7.74,6086181,7.74
6086187,13:49:46,7.74,20,300,5000,B,6082382,7.74,6086181,7.74
6104126,13:50:22,7.74,280,300,13400,B,6082382,7.74,6104125,7.74
6104127,13:50:22,7.74,10000,10000,13400,B,6082603,7.74,6104125,7.74
6104128,13:50:22,7.74,1500,1500,13400,B,6087376,7.74,6104125,7.74
6104129,13:50:22,7.74,1620,4000,13400,B,6089337,7.74,6104125,7.74
6104143,13:50:22,7.74,600,4000,600,B,6089337,7.74,6104142,7.74
6111515,13:50:37,7.74,1780,4000,5280,B,6089337,7.74,6111514,7.74
6111516,13:50:37,7.74,500,500,5280,B,6092351,7.74,6111514,7.74
6111517,13:50:37,7.74,2000,2000,5280,B,6103154,7.74,6111514,7.74
6111518,13:50:37,7.74,500,500,5280,B,6107269,7.74,6111514,7.74
6111519,13:50:37,7.74,500,500,5280,B,6110237,7.74,6111514,7.74
6113867,13:50:42,7.75,500,500,100000,B,15765,7.75,6113866,7.76
6113868,13:50:42,7.75,100,100,100000,B,124610,7.75,6113866,7.76
6113869,13:50:42,7.75,1000,1000,100000,B,178027,7.75,6113866,7.76
6113870,13:50:42,7.75,5000,5000,100000,B,222581,7.75,6113866,7.76
6113871,13:50:42,7.75,3000,3000,100000,B,4029870,7.75,6113866,7.76
6113872,13:50:42,7.75,1000,1000,100000,B,4521081,7.75,6113866,7.76
6113873,13:50:42,7.75,2000,2000,100000,B,4563066,7.75,6113866,7.76
6113874,13:50:42,7.75,2600,2600,100000,B,5266691,7.75,6113866,7.76
6113875,13:50:42,7.75,500,500,100000,B,5432292,7.75,6113866,7.76
6113876,13:50:42,7.75,2000,2000,100000,B,5542141,7.75,6113866,7.76
6113877,13:50:42,7.75,2000,2000,100000,B,5598428,7.75,6113866,7.76
6113878,13:50:42,7.75,1500,1500,100000,B,5624610,7.75,6113866,7.76
6113879,13:50:42,7.75,2000,2000,100000,B,5685428,7.75,6113866,7.76
6113880,13:50:42,7.75,1800,1800,100000,B,5686438,7.75,6113866,7.76
6113881,13:50:42,7.75,8000,8000,100000,B,5734576,7.75,6113866,7.76
6113882,13:50:42,7.75,1000,1000,100000,B,5776636,7.75,6113866,7.76
6113883,13:50:42,7.75,1000,1000,100000,B,5795349,7.75,6113866,7.76
6113884,13:50:42,7.75,700,700,100000,B,5796048,7.75,6113866,7.76
6113885,13:50:42,7.75,2000,2000,100000,B,5824356,7.75,6113866,7.76
6113886,13:50:42,7.75,400,400,100000,B,5856401,7.75,6113866,7.76
6113887,13:50:42,7.75,2000,2000,100000,B,5911120,7.75,6113866,7.76
6113888,13:50:42,7.75,2000,2000,100000,B,5975928,7.75,6113866,7.76
6113889,13:50:42,7.75,5000,5000,100000,B,5995178,7.75,6113866,7.76
6113890,13:50:42,7.75,1000,1000,100000,B,6097770,7.75,6113866,7.76
6113891,13:50:42,7.76,500,500,100000,B,15791,7.76,6113866,7.76
6113892,13:50:42,7.76,51400,53700,100000,B,1010319,7.76,6113866,7.76
6121202,13:50:57,7.76,300,53700,300,B,1010319,7.76,6121201,7.76
6126800,13:51:08,7.76,2000,53700,5000,B,1010319,7.76,6126799,7.76
6126801,13:51:08,7.76,2000,2000,5000,B,2986832,7.76,6126799,7.76
6126802,13:51:08,7.76,500,500,5000,B,5451322,7.76,6126799,7.76
6126803,13:51:08,7.76,500,500,5000,B,6115581,7.76,6126799,7.76
6127793,13:51:10,7.76,100,100,30000,B,6126107,7.76,6127792,7.77
6127794,13:51:10,7.76,2000,2000,30000,B,6127764,7.76,6127792,7.77
6127795,13:51:10,7.77,500,500,30000,B,15792,7.77,6127792,7.77
6127796,13:51:10,7.77,1000,1000,30000,B,857773,7.77,6127792,7.77
6127797,13:51:10,7.77,2900,2900,30000,B,2227148,7.77,6127792,7.77
6127798,13:51:10,7.77,1000,1000,30000,B,2638774,7.77,6127792,7.77
6127799,13:51:10,7.77,200,200,30000,B,3997517,7.77,6127792,7.77
6127800,13:51:10,7.77,1700,1700,30000,B,5189671,7.77,6127792,7.77
6127801,13:51:10,7.77,2600,2600,30000,B,5414313,7.77,6127792,7.77
6127802,13:51:10,7.77,100,100,30000,B,5653677,7.77,6127792,7.77
6127803,13:51:10,7.77,1300,1300,30000,B,5698040,7.77,6127792,7.77
6127804,13:51:10,7.77,1000,1000,30000,B,5767405,7.77,6127792,7.77
6127805,13:51:10,7.77,3000,3000,30000,B,5849308,7.77,6127792,7.77
6127806,13:51:10,7.77,1000,1000,30000,B,5907296,7.77,6127792,7.77
6127807,13:51:10,7.77,200,200,30000,B,5959164,7.77,6127792,7.77
6128492,13:51:11,7.78,500,500,5000,B,15793,7.78,6128491,7.78
6128493,13:51:11,7.78,1300,1300,5000,B,978602,7.78,6128491,7.78
6128494,13:51:11,7.78,500,500,5000,B,996466,7.78,6128491,7.78
6128495,13:51:11,7.78,1000,1000,5000,B,2362533,7.78,6128491,7.78
6128496,13:51:11,7.78,1000,1000,5000,B,2752398,7.78,6128491,7.78
6128497,13:51:11,7.78,500,500,5000,B,4298330,7.78,6128491,7.78
6128498,13:51:11,7.78,200,1000,5000,B,4744153,7.78,6128491,7.78
6133811,13:51:23,7.78,800,1000,2000,B,4744153,7.78,6133810,7.78
6133812,13:51:23,7.78,600,600,2000,B,5652468,7.78,6133810,7.78
6133813,13:51:23,7.78,600,2000,2000,B,6065146,7.78,6133810,7.78
6134248,13:51:24,7.78,500,2000,500,B,6065146,7.78,6134247,7.78
6136377,13:51:29,7.78,800,2000,800,B,6065146,7.78,6136376,7.78
6139423,13:51:35,7.78,100,2000,500,B,6065146,7.78,6139422,7.78
6139424,13:51:35,7.78,400,1000,500,B,6128667,7.78,6139422,7.78
6141647,13:51:39,7.77,300,300,30000,S,6141646,7.77,6127792,7.77
6142487,13:51:41,7.78,600,1000,5300,B,6128667,7.78,6142486,7.78
6142488,13:51:41,7.78,2000,2000,5300,B,6135315,7.78,6142486,7.78
6142489,13:51:41,7.78,2700,30000,5300,B,6135753,7.78,6142486,7.78
6146864,13:51:50,7.77,500,500,30000,S,6146863,7.77,6127792,7.77
6148150,13:51:53,7.78,1000,30000,1000,B,6135753,7.78,6148149,7.78
6148404,13:51:53,7.78,4300,30000,4300,B,6135753,7.78,6148403,7.78
6150276,13:51:57,7.77,500,500,30000,S,6150275,7.77,6127792,7.77
6150417,13:51:57,7.78,6600,30000,6600,B,6135753,7.78,6150416,7.78
6156607,13:52:10,7.77,1400,1400,30000,S,6156606,7.77,6127792,7.77
6158880,13:52:15,7.77,100,100,30000,S,6158879,7.77,6127792,7.77
6159616,13:52:17,7.77,5094,5094,30000,S,6159615,7.77,6127792,7.77
6159943,13:52:17,7.77,100,100,30000,S,6159942,7.77,6127792,7.77
6162364,13:52:22,7.77,3406,10000,30000,S,6162363,7.77,6127792,7.77
6162365,13:52:22,7.77,6594,10000,30000,S,6162363,7.77,6138359,7.77
6162680,13:52:23,7.77,500,500,30000,S,6162679,7.77,6138359,7.77
6162868,13:52:24,7.77,10000,10000,30000,S,6162867,7.77,6138359,7.77
6165310,13:52:29,7.77,6000,6000,30000,S,6165309,7.77,6138359,7.77
6165369,13:52:29,7.78,700,30000,700,B,6135753,7.78,6165368,7.78
6167088,13:52:33,7.77,700,700,30000,S,6167087,7.77,6138359,7.77
6170579,13:52:41,7.78,300,30000,300,B,6135753,7.78,6170578,7.78
6173296,13:52:46,7.77,1500,1500,30000,S,6173295,7.77,6138359,7.77
6173850,13:52:48,7.77,500,500,30000,S,6173849,7.77,6138359,7.77
6176633,13:52:54,7.78,400,30000,400,B,6135753,7.78,6176632,7.78
6182174,13:53:06,7.77,4206,14000,30000,S,6182173,7.77,6138359,7.77
6182175,13:53:06,7.77,9794,14000,25300,S,6182173,7.77,6142045,7.77
6182290,13:53:07,7.77,300,300,25300,S,6182289,7.77,6142045,7.77
6182715,13:53:08,7.77,15206,17900,25300,S,6182714,7.77,6142045,7.77
6182716,13:53:08,7.77,300,17900,300,S,6182714,7.77,6153509,7.77
6182717,13:53:08,7.77,2394,17900,5000,S,6182714,7.77,6169501,7.77
6184390,13:53:11,7.77,2606,10000,5000,S,6184389,7.77,6169501,7.77
6191210,13:53:26,7.77,7394,10000,30000,B,6184389,7.77,6191209,7.78
6191211,13:53:26,7.77,300,300,30000,B,6185924,7.77,6191209,7.78
6191212,13:53:26,7.77,1000,1000,30000,B,6188688,7.77,6191209,7.78
6191213,13:53:26,7.77,1000,1000,30000,B,6189275,7.77,6191209,7.78
6191214,13:53:26,7.78,9600,30000,30000,B,6135753,7.78,6191209,7.78
6191215,13:53:26,7.78,1000,1000,30000,B,6136325,7.78,6191209,7.78
6191216,13:53:26,7.78,1000,1000,30000,B,6136451,7.78,6191209,7.78
6191217,13:53:26,7.78,2000,2000,30000,B,6153479,7.78,6191209,7.78
6191218,13:53:26,7.78,500,500,30000,B,6157290,7.78,6191209,7.78
6191219,13:53:26,7.78,1000,1000,30000,B,6169013,7.78,6191209,7.78
6191220,13:53:26,7.78,400,400,30000,B,6171576,7.78,6191209,7.78
6191221,13:53:26,7.78,4800,4800,30000,B,6173499,7.78,6191209,7.78
6191222,13:53:26,7.78,6,2000,30000,B,6175120,7.78,6191209,7.78
6144722,13:51:46,7.78,4400,30000,4400,B,6135753,7.78,6144721,7.78
6193584,13:53:31,7.75,400,400,3000,S,6193583,7.75,6123317,7.75
6195630,13:53:35,7.75,300,300,3000,S,6195629,7.75,6123317,7.75
6201014,13:53:47,7.77,500,4800,500,B,6192962,7.77,6201013,7.77
6243551,13:55:16,7.76,500,500,1400,B,6213157,7.76,6243550,7.76
6243552,13:55:16,7.76,900,2000,1400,B,6218976,7.76,6243550,7.76
6244716,13:55:18,7.76,1100,2000,5700,B,6218976,7.76,6244715,7.77
6244717,13:55:18,7.76,1000,1000,5700,B,6226000,7.76,6244715,7.77
6244718,13:55:18,7.77,3600,4800,5700,B,6192962,7.77,6244715,7.77
6258461,13:55:44,7.75,2300,10000,3000,S,6258460,7.75,6123317,7.75
6258462,13:55:44,7.75,1000,10000,1000,S,6258460,7.75,6154624,7.75
6258463,13:55:44,7.75,2600,10000,2600,S,6258460,7.75,6205108,7.75
6258464,13:55:44,7.75,4100,10000,5000,S,6258460,7.75,6213995,7.75
6287823,13:56:41,7.75,900,900,5000,S,6287822,7.75,6213995,7.75
6304064,13:57:11,7.76,1000,1000,14000,B,6246061,7.76,6304063,7.76
6304065,13:57:11,7.76,600,600,14000,B,6254541,7.76,6304063,7.76
6304066,13:57:11,7.76,800,800,14000,B,6255109,7.76,6304063,7.76
6304067,13:57:11,7.76,500,500,14000,B,6292714,7.76,6304063,7.76
6304068,13:57:11,7.76,200,200,14000,B,6297139,7.76,6304063,7.76
6304959,13:57:13,7.76,5000,5000,14000,S,6304958,7.76,6304063,7.76
6325332,13:57:52,7.76,1000,1000,14000,S,6325331,7.76,6304063,7.76
6334543,13:58:08,7.77,500,4800,500,B,6192962,7.77,6334542,7.77
6336278,13:58:12,7.76,100,100,14000,S,6336277,7.76,6304063,7.76
6339539,13:58:17,7.77,200,4800,300,B,6192962,7.77,6339538,7.77
6339540,13:58:17,7.77,100,1500,300,B,6205331,7.77,6339538,7.77
6347668,13:58:33,7.77,1400,1500,7300,B,6205331,7.77,6347667,7.77
6347669,13:58:33,7.77,600,600,7300,B,6210885,7.77,6347667,7.77
6347670,13:58:33,7.77,2000,2000,7300,B,6211634,7.77,6347667,7.77
6347671,13:58:33,7.77,1000,1000,7300,B,6212552,7.77,6347667,7.77
6347672,13:58:33,7.77,1800,1800,7300,B,6221070,7.77,6347667,7.77
6347673,13:58:33,7.77,300,300,7300,B,6221602,7.77,6347667,7.77
6347674,13:58:33,7.77,200,1000,7300,B,6242189,7.77,6347667,7.77
6349102,13:58:35,7.77,800,1000,1500,B,6242189,7.77,6349101,7.77
6349103,13:58:35,7.77,600,600,1500,B,6246534,7.77,6349101,7.77
6349104,13:58:35,7.77,100,8000,1500,B,6251226,7.77,6349101,7.77
6351450,13:58:40,7.77,2400,8000,2400,B,6251226,7.77,6351449,7.77
6357787,13:58:51,7.77,1600,8000,1600,B,6251226,7.77,6357786,7.77
6363673,13:59:02,7.76,1000,1000,14000,S,6363672,7.76,6304063,7.76
6364722,13:59:04,7.76,700,700,14000,S,6364721,7.76,6304063,7.76
6367281,13:59:09,7.77,1700,8000,1700,B,6251226,7.77,6367280,7.77
6369125,13:59:13,7.76,600,600,14000,S,6369124,7.76,6304063,7.76
6374049,13:59:23,7.77,800,8000,800,B,6251226,7.77,6374048,7.77
6379106,13:59:33,7.77,300,8000,300,B,6251226,7.77,6379105,7.77
6385686,13:59:46,7.77,1100,8000,5000,B,6251226,7.77,6385685,7.78
6385687,13:59:46,7.77,500,500,5000,B,6290331,7.77,6385685,7.78
6385688,13:59:46,7.77,500,500,5000,B,6342556,7.77,6385685,7.78
6385689,13:59:46,7.77,1200,1200,5000,B,6346616,7.77,6385685,7.78
6385690,13:59:46,7.77,500,500,5000,B,6370508,7.77,6385685,7.78
6385691,13:59:46,7.77,600,600,5000,B,6378241,7.77,6385685,7.78
6385692,13:59:46,7.77,400,400,5000,B,6383619,7.77,6385685,7.78
6385693,13:59:46,7.78,200,2000,5000,B,6175120,7.78,6385685,7.78
6410957,14:00:34,7.76,800,800,14000,S,6410956,7.76,6304063,7.76
6420549,14:00:51,7.76,200,200,14000,S,6420548,7.76,6304063,7.76
6423197,14:00:56,7.77,100,3000,100,B,6389558,7.77,6423196,7.77
6423889,14:00:58,7.76,300,300,14000,S,6423888,7.76,6304063,7.76
6424231,14:00:58,7.76,1200,6000,14000,S,6424230,7.76,6304063,7.76
6424232,14:00:58,7.76,1300,6000,1300,S,6424230,7.76,6324902,7.76
6424233,14:00:58,7.76,1600,6000,1600,S,6424230,7.76,6328089,7.76
6424234,14:00:58,7.76,400,6000,400,S,6424230,7.76,6342981,7.76
6424235,14:00:58,7.76,1500,6000,2000,S,6424230,7.76,6346282,7.76
6425509,14:01:01,7.77,500,3000,500,B,6389558,7.77,6425508,7.77
6429577,14:01:09,7.76,500,3000,2000,S,6429576,7.76,6346282,7.76
6429578,14:01:09,7.76,2500,3000,5000,S,6429576,7.76,6387680,7.76
6431488,14:01:12,7.77,2400,3000,7300,B,6389558,7.77,6431487,7.77
6431489,14:01:12,7.77,4900,5000,7300,B,6399917,7.77,6431487,7.77
6432419,14:01:14,7.76,2500,6000,5000,S,6432418,7.76,6387680,7.76
6463087,14:02:14,7.75,200,200,3000,S,6463086,7.75,6269424,7.75
6470376,14:02:27,7.75,300,300,3000,S,6470375,7.75,6269424,7.75
6470670,14:02:27,7.76,3500,6000,10000,B,6432418,7.76,6470669,7.76
6470671,14:02:27,7.76,900,900,10000,B,6455143,7.76,6470669,7.76
6470672,14:02:27,7.76,2000,2000,10000,B,6457001,7.76,6470669,7.76
6470673,14:02:27,7.76,500,500,10000,B,6464049,7.76,6470669,7.76
6472716,14:02:30,7.76,300,300,10000,S,6472715,7.76,6470669,7.76
6479234,14:02:41,7.76,1600,1600,10000,S,6479233,7.76,6470669,7.76
6479257,14:02:41,7.76,600,600,10000,S,6479256,7.76,6470669,7.76
6480259,14:02:43,7.76,600,1000,10000,S,6480258,7.75,6470669,7.76
6480260,14:02:43,7.75,400,1000,3000,S,6480258,7.75,6269424,7.75
6488558,14:02:56,7.76,500,500,10000,S,6488557,7.76,6480484,7.76
6489909,14:02:58,7.76,2500,2500,10000,S,6489908,7.76,6480484,7.76
6490634,14:02:59,7.76,400,400,10000,S,6490633,7.76,6480484,7.76
6497264,14:03:10,7.76,900,900,10000,S,6497263,7.76,6480484,7.76
6499994,14:03:14,7.76,1000,1000,10000,S,6499993,7.76,6480484,7.76
6505764,14:03:24,7.76,1000,1000,10000,S,6505763,7.76,6480484,7.76
6511636,14:03:35,7.76,3700,10000,10000,S,6511635,7.76,6480484,7.76
6511637,14:03:35,7.76,5000,10000,5000,S,6511635,7.76,6482603,7.76
6511638,14:03:35,7.76,1300,10000,3000,S,6511635,7.76,6492835,7.76
6516247,14:03:43,7.76,1700,2000,3000,S,6516246,7.76,6492835,7.76
6516248,14:03:43,7.76,300,2000,5000,S,6516246,7.76,6513756,7.76
6527770,14:04:05,7.76,3000,3000,5000,S,6527769,7.76,6513756,7.76
6529013,14:04:07,7.77,100,5000,100,B,6399917,7.77,6529012,7.77
6529186,14:04:08,7.76,600,600,5000,S,6529185,7.76,6513756,7.76
6531129,14:04:12,7.76,300,300,5000,S,6531128,7.76,6513756,7.76
6538991,14:04:27,7.76,800,1500,5000,S,6538990,7.76,6513756,7.76
6540810,14:04:30,7.76,700,1500,3500,B,6538990,7.76,6540809,7.76
6551961,14:04:53,7.76,2000,2000,3500,S,6551960,7.76,6540809,7.76
6556399,14:05:02,7.76,800,1700,3500,S,6556398,7.76,6540809,7.76
6562968,14:05:15,7.75,200,200,3000,S,6562967,7.75,6269424,7.75
6566091,14:05:22,7.76,400,1700,400,B,6556398,7.76,6566090,7.76
6574522,14:05:38,7.75,1900,4000,3000,S,6574521,7.75,6269424,7.75
6574523,14:05:38,7.75,900,4000,900,S,6574521,7.75,6284566,7.75
6574524,14:05:38,7.75,1200,4000,10000,S,6574521,7.75,6420306,7.75
6583912,14:05:57,7.75,500,500,10000,S,6583911,7.75,6420306,7.75
6585306,14:06:00,7.75,5000,5000,10000,S,6585305,7.75,6420306,7.75
6592647,14:06:13,7.75,1000,1000,10000,S,6592646,7.75,6420306,7.75
6595088,14:06:18,7.75,1000,1000,10000,S,6595087,7.75,6420306,7.75
6597000,14:06:22,7.76,500,1700,500,B,6556398,7.76,6596999,7.76
6625186,14:07:19,7.75,1300,14100,10000,S,6625185,7.75,6420306,7.75
6625187,14:07:19,7.75,5000,14100,5000,S,6625185,7.75,6576213,7.75
6639661,14:07:50,7.75,100,14100,100,B,6625185,7.75,6639660,7.75
6644709,14:08:00,7.75,6000,14100,6000,B,6625185,7.75,6644708,7.75
6654231,14:08:20,7.74,1000,1000,1800,S,6654230,7.74,6133318,7.74
6654334,14:08:20,7.75,1700,14100,4000,B,6625185,7.75,6654333,7.75
6654335,14:08:20,7.75,100,100,4000,B,6625558,7.75,6654333,7.75
6654336,14:08:20,7.75,2000,2000,4000,B,6643745,7.75,6654333,7.75
6665076,14:08:44,7.75,200,7800,4000,S,6665075,7.75,6654333,7.75
6665077,14:08:44,7.75,5000,7800,5000,S,6665075,7.75,6659008,7.75
6675006,14:09:05,7.75,700,7800,700,B,6665075,7.75,6675005,7.75
6680227,14:09:17,7.74,800,1000,1800,S,6680226,7.74,6133318,7.74
6680228,14:09:17,7.74,100,1000,100,S,6680226,7.74,6276245,7.74
6680229,14:09:17,7.74,100,1000,300,S,6680226,7.74,6370162,7.74
6682313,14:09:21,7.74,200,10000,300,S,6682312,7.74,6370162,7.74
6682314,14:09:21,7.74,1100,10000,1100,S,6682312,7.74,6423436,7.74
6682315,14:09:21,7.74,3000,10000,3000,S,6682312,7.74,6650025,7.74
6685757,14:09:29,7.74,5700,10000,5700,B,6682312,7.74,6685756,7.74
6693662,14:09:46,7.73,1100,1100,1800,S,6693661,7.73,6101150,7.73
6697176,14:09:54,7.73,700,10000,1800,S,6697175,7.73,6101150,7.73
6697177,14:09:54,7.73,1900,10000,1900,S,6697175,7.73,6316319,7.73
6697178,14:09:54,7.73,900,10000,900,S,6697175,7.73,6639669,7.73
6705082,14:10:11,7.72,4600,8000,10000,S,6705081,7.72,6013321,7.72
6705083,14:10:11,7.72,3400,8000,3500,S,6705081,7.72,6066613,7.72
6714251,14:10:31,7.73,6500,10000,7000,B,6697175,7.73,6714250,7.73
6736198,14:11:11,7.73,500,5000,7000,S,6736197,7.73,6714250,7.73
6736199,14:11:11,7.73,4500,5000,5000,S,6736197,7.73,6721521,7.73
6749088,14:11:38,7.73,500,2000,5000,S,6749087,7.72,6721521,7.73
6749089,14:11:38,7.72,100,2000,3500,S,6749087,7.72,6066613,7.72
6749090,14:11:38,7.72,1400,2000,5900,S,6749087,7.72,6070094,7.72
6758358,14:11:59,7.73,500,5000,500,S,6758357,7.72,6753698,7.73
6758359,14:11:59,7.72,4500,5000,5900,S,6758357,7.72,6070094,7.72
6781688,14:12:45,7.73,200,500,200,B,6774567,7.73,6781687,7.73
6781780,14:12:45,7.73,300,500,4500,B,6774567,7.73,6781779,7.73
6782703,14:12:47,7.73,100,100,4500,S,6782702,7.73,6781779,7.73
6805665,14:13:33,7.73,200,200,4500,S,6805664,7.73,6781779,7.73
6811515,14:13:45,7.74,2700,4000,2700,B,6697133,7.74,6811514,7.74
6843133,14:14:53,7.74,300,4000,300,B,6697133,7.74,6843132,7.74
6856243,14:15:22,7.74,200,4000,200,B,6697133,7.74,6856242,7.74
6875636,14:16:04,7.74,100,4000,100,B,6697133,7.74,6875635,7.74
6878400,14:16:10,7.74,700,4000,1000,B,6697133,7.74,6878399,7.74
6878401,14:16:10,7.74,300,300,1000,B,6782302,7.74,6878399,7.74
6888172,14:16:31,7.74,100,1400,100,B,6835295,7.74,6888171,7.74
6891577,14:16:38,7.73,1000,1000,4500,S,6891576,7.73,6781779,7.73
6909950,14:17:15,7.74,500,1400,500,B,6835295,7.74,6909949,7.74
6910639,14:17:16,7.73,2900,7900,4500,S,6910638,7.73,6781779,7.73
6910744,14:17:16,7.73,5000,7900,5000,B,6910638,7.73,6910743,7.73
6912793,14:17:20,7.74,800,1400,2900,B,6835295,7.74,6912791,7.75
6912794,14:17:20,7.74,500,500,2900,B,6852381,7.74,6912791,7.75
6912795,14:17:20,7.74,300,300,2900,B,6874447,7.74,6912791,7.75
6912796,14:17:20,7.75,1300,7800,2900,B,6665075,7.75,6912791,7.75
6919841,14:17:35,7.75,600,7800,20000,B,6665075,7.75,6919840,7.75
6919842,14:17:35,7.75,5000,5000,20000,B,6675360,7.75,6919840,7.75
6919843,14:17:35,7.75,5000,5000,20000,B,6688776,7.75,6919840,7.75
6919844,14:17:35,7.75,9400,10000,20000,B,6692469,7.75,6919840,7.75
6924289,14:17:44,7.73,1000,1000,10000,S,6924288,7.73,6914543,7.73
6939825,14:18:17,7.74,700,2970,700,B,6933893,7.74,6939824,7.74
6956986,14:18:54,7.73,700,700,10000,S,6956985,7.73,6914543,7.73
6992113,14:20:15,7.73,130,130,10000,S,6992112,7.73,6914543,7.73
6996362,14:20:25,7.74,100,2970,100,B,6933893,7.74,6996361,7.74
7025341,14:21:31,7.73,8170,10000,10000,S,7025340,7.73,6914543,7.73
7025342,14:21:31,7.73,1830,10000,5000,S,7025340,7.73,6959013,7.73
7038407,14:22:00,7.73,600,600,5000,S,7038406,7.73,6959013,7.73
7047247,14:22:20,7.73,2570,5000,5000,S,7047246,7.73,6959013,7.73
7047248,14:22:20,7.73,900,5000,900,S,7047246,7.73,6971052,7.73
7047249,14:22:20,7.73,1530,5000,3900,S,7047246,7.73,7040376,7.73
7093786,14:24:04,7.73,2370,4800,3900,S,7093785,7.73,7040376,7.73
7093787,14:24:04,7.73,2430,4800,5000,S,7093785,7.73,7048376,7.73
7093791,14:24:04,7.73,2570,5200,5000,S,7093790,7.73,7048376,7.73
7095777,14:24:09,7.73,2630,5200,4800,B,7093790,7.73,7095776,7.74
7095778,14:24:09,7.74,2170,2970,4800,B,6933893,7.74,7095776,7.74
7107926,14:24:35,7.73,5000,5000,5000,B,7104267,7.73,7107925,7.73
7133857,14:25:22,7.74,5000,5000,23000,B,6996256,7.74,7133856,7.74
7133858,14:25:22,7.74,1500,1500,23000,B,7037159,7.74,7133856,7.74
7133859,14:25:22,7.74,500,500,23000,B,7043637,7.74,7133856,7.74
7133860,14:25:22,7.74,800,800,23000,B,7063151,7.74,7133856,7.74
7133861,14:25:22,7.74,1000,1000,23000,B,7064448,7.74,7133856,7.74
7133862,14:25:22,7.74,6600,6600,23000,B,7072739,7.74,7133856,7.74
7133863,14:25:22,7.74,600,600,23000,B,7094007,7.74,7133856,7.74
7133864,14:25:22,7.74,7000,7700,23000,B,7115229,7.74,7133856,7.74
7138066,14:25:30,7.74,700,7700,7500,B,7115229,7.74,7138065,7.74
7152840,14:25:55,7.74,500,500,7500,S,7152839,7.74,7138065,7.74
7165050,14:26:14,7.74,100,100,7500,S,7165049,7.74,7138065,7.74
7193416,14:27:01,7.75,600,10000,2200,B,6692469,7.75,7193415,7.75
7193417,14:27:01,7.75,1600,2000,2200,B,6794765,7.75,7193415,7.75
7213636,14:27:36,7.75,400,2000,800,B,6794765,7.75,7213635,7.75
7213637,14:27:36,7.75,400,3600,800,B,6818898,7.75,7213635,7.75
7233058,14:28:11,7.75,400,3600,400,B,6818898,7.75,7233057,7.75
7234075,14:28:13,7.74,2600,2600,7500,S,7234074,7.74,7138065,7.74
7237783,14:28:20,7.74,1000,1000,7500,S,7237782,7.74,7138065,7.74
7243961,14:28:31,7.75,2800,3600,4800,B,6818898,7.75,7243960,7.75
7243962,14:28:31,7.75,2000,2600,4800,B,6847979,7.75,7243960,7.75
7253576,14:28:49,7.75,500,2600,500,B,6847979,7.75,7253575,7.75
7274280,14:29:28,7.75,100,2600,300,B,6847979,7.75,7274279,7.75
7274281,14:29:28,7.75,200,7000,300,B,6916630,7.75,7274279,7.75
7290824,14:30:01,7.75,5000,7000,5000,B,6916630,7.75,7290823,7.75
7299066,14:30:17,7.74,2600,3000,7500,S,7299065,7.74,7138065,7.74
7299067,14:30:17,7.74,400,3000,600,S,7299065,7.74,7171574,7.74
7306822,14:30:32,7.74,200,800,600,S,7306821,7.74,7171574,7.74
7306823,14:30:32,7.74,600,800,3200,S,7306821,7.74,7293001,7.74
7307665,14:30:34,7.74,100,100,3200,S,7307664,7.74,7293001,7.74
7339280,14:31:36,7.74,1000,1000,3200,S,7339279,7.74,7293001,7.74
7341583,14:31:41,7.74,1500,1500,3200,S,7341582,7.74,7293001,7.74
7375641,14:32:46,7.75,1500,7000,1500,B,6916630,7.75,7375640,7.75
7381274,14:32:57,7.74,1000,3500,1000,S,7381273,7.74,7368969,7.74
7381275,14:32:57,7.74,2500,3500,3800,S,7381273,7.74,7369841,7.74
7391890,14:33:16,7.75,300,7000,5000,B,6916630,7.75,7391889,7.75
7391891,14:33:16,7.75,1000,1000,5000,B,7243462,7.75,7391889,7.75
7391892,14:33:16,7.75,3700,10000,5000,B,7274440,7.75,7391889,7.75
7429714,14:34:27,7.74,100,100,3800,S,7429713,7.74,7369841,7.74
7431899,14:34:31,7.75,4700,10000,4700,B,7274440,7.75,7431898,7.75
7441440,14:34:49,7.75,1600,10000,8800,B,7274440,7.75,7441439,7.75
7441441,14:34:49,7.75,7200,10000,8800,B,7335017,7.75,7441439,7.75
7463127,14:35:29,7.75,2800,10000,3400,B,7335017,7.75,7463126,7.75
7463128,14:35:29,7.75,600,900,3400,B,7430292,7.75,7463126,7.75
7469791,14:35:41,7.74,100,100,3800,S,7469790,7.74,7369841,7.74
7475245,14:35:51,7.74,600,600,3800,S,7475244,7.74,7369841,7.74
7481084,14:36:01,7.75,300,900,4700,B,7430292,7.75,7481083,7.75
7481085,14:36:01,7.75,1600,1600,4700,B,7431059,7.75,7481083,7.75
7481086,14:36:01,7.75,2800,9600,4700,B,7443420,7.75,7481083,7.75
7491665,14:36:20,7.74,500,22200,3800,S,7491664,7.74,7369841,7.74
7491666,14:36:20,7.74,4700,22200,4700,S,7491664,7.74,7483480,7.74
7491667,14:36:20,7.74,6800,22200,6800,S,7491664,7.74,7489171,7.74
7493156,14:36:23,7.74,10200,22200,10200,B,7491664,7.74,7493155,7.74
7507231,14:36:49,7.75,200,9600,200,B,7443420,7.75,7507230,7.75
7523507,14:37:19,7.74,2400,2400,2400,B,7520651,7.74,7523506,7.74
7530073,14:37:32,7.75,1000,9600,1000,B,7443420,7.75,7530072,7.75
7540815,14:37:53,7.75,5600,9600,16300,B,7443420,7.75,7540814,7.75
7540816,14:37:53,7.75,2200,2200,16300,B,7471842,7.75,7540814,7.75
7540817,14:37:53,7.75,500,500,16300,B,7493599,7.75,7540814,7.75
7540818,14:37:53,7.75,500,500,16300,B,7520578,7.75,7540814,7.75
7540819,14:37:53,7.75,600,600,16300,B,7526626,7.75,7540814,7.75
7540820,14:37:53,7.75,200,200,16300,B,7526702,7.75,7540814,7.75
7540821,14:37:53,7.75,400,400,16300,B,7534763,7.75,7540814,7.75
7545970,14:38:02,7.75,1000,1000,16300,S,7545969,7.75,7540814,7.75
7555079,14:38:19,7.75,5000,5000,16300,S,7555078,7.75,7540814,7.75
7556152,14:38:21,7.75,100,100,16300,S,7556151,7.75,7540814,7.75
7572739,14:38:52,7.75,200,200,16300,S,7572738,7.75,7540814,7.75
7577900,14:39:01,7.76,500,500,4700,B,6564212,7.76,7577899,7.76
7577901,14:39:01,7.76,4200,10000,4700,B,6604519,7.76,7577899,7.76
7587181,14:39:17,7.76,5800,10000,20000,B,6604519,7.76,7587180,7.76
7587182,14:39:17,7.76,4000,4000,20000,B,6609512,7.76,7587180,7.76
7587183,14:39:17,7.76,100,100,20000,B,6664977,7.76,7587180,7.76
7587184,14:39:17,7.76,2000,2000,20000,B,7112486,7.76,7587180,7.76
7587185,14:39:17,7.76,1500,1500,20000,B,7213646,7.76,7587180,7.76
7587186,14:39:17,7.76,5000,5000,20000,B,7548235,7.76,7587180,7.76
7587187,14:39:17,7.76,200,200,20000,B,7558005,7.76,7587180,7.76
7587188,14:39:17,7.76,1000,1000,20000,B,7571076,7.76,7587180,7.76
7599928,14:39:40,7.76,300,300,20000,S,7599927,7.76,7587180,7.76
7618701,14:40:14,7.76,100,3000,20000,S,7618700,7.76,7587180,7.76
7618702,14:40:14,7.76,2900,3000,4700,S,7618700,7.76,7595119,7.76
7623586,14:40:23,7.77,500,500,3000,B,6445520,7.77,7623585,7.77
7623587,14:40:23,7.77,1300,1300,3000,B,6515010,7.77,7623585,7.77
7623588,14:40:23,7.77,900,900,3000,B,6544775,7.77,7623585,7.77
7623589,14:40:23,7.77,300,3000,3000,B,6554573,7.77,7623585,7.77
7629338,14:40:33,7.77,2700,3000,3700,B,6554573,7.77,7629337,7.77
7629339,14:40:33,7.77,1000,1400,3700,B,6643958,7.77,7629337,7.77
7640194,14:40:53,7.77,400,1400,800,B,6643958,7.77,7640193,7.77
7640195,14:40:53,7.77,400,1000,800,B,6946735,7.77,7640193,7.77
7655660,14:41:20,7.76,1200,1200,4700,S,7655659,7.76,7595119,7.76
7672432,14:41:51,7.77,300,1000,300,B,6946735,7.77,7672431,7.77
7675303,14:41:56,7.77,300,1000,5200,B,6946735,7.77,7675302,7.77
7675304,14:41:56,7.77,3300,3300,5200,B,6966785,7.77,7675302,7.77
7675305,14:41:56,7.77,400,400,5200,B,6984135,7.77,7675302,7.77
7675306,14:41:56,7.77,1200,4000,5200,B,7266847,7.77,7675302,7.77
7677778,14:42:00,7.77,2800,4000,9800,B,7266847,7.77,7677777,7.77
7677779,14:42:00,7.77,400,400,9800,B,7315704,7.77,7677777,7.77
7677780,14:42:00,7.77,3500,3500,9800,B,7478147,7.77,7677777,7.77
7677781,14:42:00,7.77,3100,3300,9800,B,7502867,7.77,7677777,7.77
7688839,14:42:20,7.76,600,2000,4700,S,7688838,7.76,7595119,7.76
7704626,14:42:48,7.76,1400,2000,10000,B,7688838,7.76,7704625,7.76
7723299,14:43:19,7.76,3000,3000,10000,S,7723298,7.76,7704625,7.76
7728636,14:43:28,7.76,3000,3000,10000,S,7728635,7.76,7704625,7.76
7728997,14:43:28,7.76,320,320,10000,S,7728996,7.76,7704625,7.76
7738733,14:43:44,7.76,2280,15000,10000,S,7738732,7.76,7704625,7.76
7738734,14:43:44,7.76,4600,15000,4600,S,7738732,7.76,7713011,7.76
7738735,14:43:44,7.76,3000,15000,3000,S,7738732,7.76,7717574,7.76
7746321,14:43:56,7.76,5120,15000,10000,B,7738732,7.76,7746320,7.77
7746322,14:43:56,7.76,3000,3000,10000,B,7745905,7.76,7746320,7.77
7746323,14:43:56,7.77,200,3300,10000,B,7502867,7.77,7746320,7.77
7746324,14:43:56,7.77,1000,1000,10000,B,7518298,7.77,7746320,7.77
7746325,14:43:56,7.77,680,1700,10000,B,7609834,7.77,7746320,7.77
7752967,14:44:07,7.77,1020,1700,10000,B,7609834,7.77,7752966,7.77
7752968,14:44:07,7.77,1500,1500,10000,B,7655464,7.77,7752966,7.77
7752969,14:44:07,7.77,1000,1000,10000,B,7659614,7.77,7752966,7.77
7752970,14:44:07,7.77,700,700,10000,B,7687772,7.77,7752966,7.77
7752971,14:44:07,7.77,700,700,10000,B,7697150,7.77,7752966,7.77
7752972,14:44:07,7.77,1500,1500,10000,B,7703503,7.77,7752966,7.77
7752973,14:44:07,7.77,2000,2000,10000,B,7729444,7.77,7752966,7.77
7752974,14:44:07,7.77,1000,1000,10000,B,7739356,7.77,7752966,7.77
7758947,14:44:17,7.77,580,700,10000,S,7758946,7.77,7752966,7.77
7758948,14:44:17,7.77,120,700,4600,S,7758946,7.77,7758526,7.77
7759957,14:44:18,7.77,1000,1000,4600,S,7759956,7.77,7758526,7.77
7762272,14:44:22,7.77,2000,2000,4600,S,7762271,7.77,7758526,7.77
7765544,14:44:27,7.77,100,100,4600,S,7765543,7.77,7758526,7.77
7766362,14:44:28,7.77,1380,8000,4600,S,7766361,7.77,7758526,7.77
7768103,14:44:31,7.76,100,100,4000,S,7768102,7.76,7758013,7.76
7796940,14:45:15,7.76,300,300,4000,S,7796939,7.76,7758013,7.76
7805475,14:45:28,7.76,500,500,4000,S,7805474,7.76,7758013,7.76
7810304,14:45:35,7.77,1500,8000,1500,B,7766361,7.77,7810303,7.77
7813399,14:45:40,7.77,4500,8000,4500,B,7766361,7.77,7813398,7.77
7816947,14:45:45,7.77,620,8000,9000,B,7766361,7.77,7816946,7.77
7816948,14:45:45,7.77,1000,1000,9000,B,7767292,7.77,7816946,7.77
7816949,14:45:45,7.77,5000,5000,9000,B,7770007,7.77,7816946,7.77
7816950,14:45:45,7.77,500,500,9000,B,7807495,7.77,7816946,7.77
7816951,14:45:45,7.77,100,100,9000,B,7809113,7.77,7816946,7.77
7816952,14:45:45,7.77,1780,5000,9000,B,7815731,7.77,7816946,7.77
7820235,14:45:50,7.76,3100,3100,4000,S,7820234,7.76,7758013,7.76
7824981,14:45:58,7.77,3220,5000,6000,B,7815731,7.77,7824980,7.77
7824982,14:45:58,7.77,2000,2000,6000,B,7816437,7.77,7824980,7.77
7857025,14:46:46,7.78,1794,2000,4100,B,6175120,7.78,7857024,7.78
7857026,14:46:46,7.78,1000,1000,4100,B,6180447,7.78,7857024,7.78
7857027,14:46:46,7.78,1306,2000,4100,B,6181093,7.78,7857024,7.78
7867496,14:47:03,7.78,500,2000,500,B,6181093,7.78,7867495,7.78
7872068,14:47:10,7.78,194,2000,2400,B,6181093,7.78,7872067,7.78
7872069,14:47:10,7.78,2000,2000,2400,B,6209860,7.78,7872067,7.78
7872070,14:47:10,7.78,206,3100,2400,B,6224437,7.78,7872067,7.78
7873344,14:47:12,7.77,200,200,6000,S,7873343,7.77,7824980,7.77
7885424,14:47:31,7.78,2894,3100,4700,B,6224437,7.78,7885423,7.78
7885425,14:47:31,7.78,400,400,4700,B,6402481,7.78,7885423,7.78
7885426,14:47:31,7.78,500,500,4700,B,6421525,7.78,7885423,7.78
7885427,14:47:31,7.78,500,500,4700,B,6441064,7.78,7885423,7.78
7885428,14:47:31,7.78,400,400,4700,B,6567207,7.78,7885423,7.78
7885429,14:47:31,7.78,6,1000,4700,B,6631539,7.78,7885423,7.78
7914507,14:48:14,7.78,300,1000,300,B,6631539,7.78,7914506,7.78
7946925,14:49:01,7.78,694,1000,4000,B,6631539,7.78,7946924,7.78
7946926,14:49:01,7.78,3306,35300,4000,B,6810069,7.78,7946924,7.78
7955771,14:49:14,7.77,580,2000,6000,S,7955770,7.77,7824980,7.77
7955772,14:49:14,7.77,1420,2000,4000,S,7955770,7.77,7949798,7.77
7965187,14:49:28,7.77,2100,2100,4000,S,7965186,7.77,7949798,7.77
7970833,14:49:36,7.77,480,1000,4000,S,7970832,7.77,7949798,7.77
